Asin,Color,Country Code,"Month, Day, Year of Date",Order ID,Size,Store,Cost,Price,Profit,Sales,Units
B09JG5X1PY,Black,CA,5/23/2022,63d0afccdba2fe37f052663a,360mm,Dracaena Store,51,75.9924,24.9924,75.9924,1
B09JG5X1PY,Black,US,6/2/2022,63d4b741dba2fe37f0b223aa,360mm,Dracaena Store,51,86.99,35.99,86.99,1
B09JG5X1PY,Black,US,6/23/2022,63d4b741dba2fe37f0b223bf,360mm,Dracaena Store,51,86.99,35.99,86.99,1
B09JG5X1PY,Black,US,6/29/2022,63d4b741dba2fe37f0b223c5,360mm,Dracaena Store,51,86.99,35.99,86.99,1
B09JG5X1PY,Black,US,8/7/2022,63d46c2adba2fe37f0ace74c,360mm,Dracaena Store,51,86,35,86,1
B09JG5X1PY,Black,US,8/25/2022,63d46c2adba2fe37f0ace75e,360mm,Dracaena Store,51,86,35,86,1
B09JG5X1PY,Black,US,8/2/2022,63d46c2adba2fe37f0ace747,360mm,Dracaena Store,51,86,35,86,1
B09JG5X1PY,Black,US,8/27/2022,63d46c2adba2fe37f0ace760,360mm,Dracaena Store,51,86,35,86,1
B09JG5X1PY,Black,US,7/9/2022,63d48b44dba2fe37f0af540b,360mm,Dracaena Store,51,86.99,35.99,86.99,1
B09JG5X1PY,Black,US,7/28/2022,63d48b44dba2fe37f0af541e,360mm,Dracaena Store,51,86,35,86,1
B09JG5X1PY,Black,US,7/4/2022,63d48b44dba2fe37f0af5406,360mm,Dracaena Store,51,86.99,35.99,86.99,1
B09JG5X1PY,Black,US,7/21/2022,63d48b44dba2fe37f0af5417,360mm,Dracaena Store,51,86,35,86,1
B09JG5X1PY,Black,US,9/7/2022,63d81a6ce561b5a4b69bb063,360mm,Dracaena Store,51,86,35,86,1
B09JG5X1PY,Black,US,1/23/2022,63d16913dba2fe37f066370a,360mm,Dracaena Store,51,89,38,89,1
B09JG5X1PY,Black,US,1/13/2022,63d16913dba2fe37f0663700,360mm,Dracaena Store,51,89,38,89,1
B09JG5X1PY,Black,US,9/24/2022,63f4e5176b5148a575c02224,360mm,Dracaena Store,51,86,35,86,1
B09JG5X1PY,Black,US,9/26/2022,63f81ead6b5148a575091740,360mm,Dracaena Store,51,86,35,86,1
B09JG5X1PY,Black,US,10/1/2022,63fe27e26b5148a575688680,360mm,Dracaena Store,51,86,35,86,1
B09JG5X1PY,Black,US,10/4/2022,63ff00456b5148a5756fe648,360mm,Dracaena Store,51,86,35,86,1
B09JG5X1PY,Black,US,10/12/2022,640d17f01bb907e3934d270a,360mm,Dracaena Store,51,77,26,77,1
B09JG5X1PY,Black,US,10/13/2022,640e01a81bb907e3935ece42,360mm,Dracaena Store,51,86,35,86,1
B09JG5X1PY,Black,JP,3/31/2023,649bae9253a4ec2274ba6d9d,360mm,Dracaena Store,51,104.293,53.293,104.293,1
B09JG5X1PY,Black,US,4/29/2023,649bc6bdc7011f37409783ec,360mm,Ingenious Store,51,89.99,38.99,89.99,1
B09JG5X1PY,Black,US,4/30/2023,649bc6bdc7011f37409783ed,360mm,Ingenious Store,51,89.99,155.96,359.96,4
B09JG5X1PY,Black,US,5/1/2023,649bc6bdc7011f37409783ee,360mm,Ingenious Store,51,45,-12,89.99,2
B09JG5X1PY,Black,US,5/2/2023,649bc6bdc7011f37409783ef,360mm,Ingenious Store,51,89.99,77.98,179.98,2
B09JG5X1PY,Black,US,5/7/2023,649bc6bdc7011f37409783f4,360mm,Ingenious Store,51,89.99,77.98,179.98,2
B09JG5X1PY,Black,US,5/8/2023,649bc6bdc7011f37409783f5,360mm,Ingenious Store,51,89.99,38.99,89.99,1
B09JG5X1PY,Black,US,5/11/2023,649bc6bdc7011f37409783f8,360mm,Ingenious Store,51,89.99,38.99,89.99,1
B09JG5X1PY,Black,US,5/14/2023,649bc6bdc7011f37409783fb,360mm,Ingenious Store,51,89.99,38.99,89.99,1
B09JG5X1PY,Black,US,5/18/2023,649bc6bdc7011f37409783ff,360mm,Ingenious Store,51,89.99,38.99,89.99,1
B09JG5X1PY,Black,US,5/19/2023,649bc6bdc7011f3740978400,360mm,Ingenious Store,51,89.99,38.99,89.99,1
B09JG5X1PY,Black,CA,6/10/2023,649bc25ec7011f3740975248,360mm,Ingenious Store,51,87.5444,36.5444,87.5444,1
B09JG5X1PY,Black,US,5/30/2023,649bc36fc7011f3740975ea9,360mm,Ingenious Store,51,84.99,33.99,84.99,1
B09JG5X1PY,Black,US,6/2/2023,649bc36fc7011f3740975eac,360mm,Ingenious Store,51,84.99,33.99,84.99,1
B09JG5X1PY,Black,US,6/14/2023,649bc36fc7011f3740975eb8,360mm,Ingenious Store,51,84.99,33.99,84.99,1
B09JG5X1PY,Black,US,6/16/2023,649bc36fc7011f3740975eba,360mm,Ingenious Store,51,84.99,33.99,84.99,1
B09JG5X1PY,Black,US,6/25/2023,649bc36fc7011f3740975ec3,360mm,Ingenious Store,51,84.99,67.98,169.98,2
B09JG5X1PY,Black,US,4/10/2023,649bca04c7011f374097a93b,360mm,Ingenious Store,51,89.99,38.99,89.99,1
B09JG5X1PY,Black,US,4/11/2023,649bca04c7011f374097a93c,360mm,Ingenious Store,51,89.99,38.99,89.99,1
B09JG5X1PY,Black,US,4/12/2023,649bca04c7011f374097a93d,360mm,Ingenious Store,51,89.99,38.99,89.99,1
B09JG5X1PY,Black,US,4/13/2023,649bca04c7011f374097a93e,360mm,Ingenious Store,51,89.99,77.98,179.98,2
B09JG5X1PY,Black,US,4/25/2023,649bca04c7011f374097a94a,360mm,Ingenious Store,51,89.99,77.98,179.98,2
B09JG5X1PY,Black,US,4/27/2023,649bca04c7011f374097a94c,360mm,Ingenious Store,51,89.99,77.98,179.98,2
B09JG5X1PY,Black,US,4/28/2023,649bca04c7011f374097a94d,360mm,Ingenious Store,51,89.99,77.98,179.98,2
B09JG5X1PY,Black,US,3/30/2023,649bca04c7011f374097a930,360mm,Ingenious Store,51,89.99,38.99,89.99,1
B09JG5X1PY,Black,US,3/31/2023,649bca04c7011f374097a931,360mm,Ingenious Store,51,89.99,38.99,89.99,1
B09JG5X1PY,Black,US,4/1/2023,649bca04c7011f374097a932,360mm,Ingenious Store,51,89.99,38.99,89.99,1
B09JG5X1PY,Black,US,4/2/2023,649bca04c7011f374097a933,360mm,Ingenious Store,51,89.99,38.99,89.99,1
B09JG5X1PY,Black,US,4/5/2023,649bca04c7011f374097a936,360mm,Ingenious Store,51,89.99,38.99,89.99,1
B09JG5X1PY,Black,US,4/7/2023,649bca04c7011f374097a938,360mm,Ingenious Store,51,89.99,38.99,89.99,1
B09JG5X1PY,Black,US,4/8/2023,649bca04c7011f374097a939,360mm,Ingenious Store,51,89.99,38.99,89.99,1
B09JG5X1PY,Black,US,4/15/2023,649bca04c7011f374097a940,360mm,Ingenious Store,51,89.99,116.97,269.97,3
B09JG5X1PY,Black,US,4/17/2023,649bca04c7011f374097a942,360mm,Ingenious Store,51,89.99,77.98,179.98,2
B09JG5X1PY,Black,US,4/18/2023,649bca04c7011f374097a943,360mm,Ingenious Store,51,89.99,38.99,89.99,1
B09JG5X1PY,Black,US,4/19/2023,649bca04c7011f374097a944,360mm,Ingenious Store,51,89.99,38.99,89.99,1
B09JG5X1PY,Black,US,4/20/2023,649bca04c7011f374097a945,360mm,Ingenious Store,51,89.99,116.97,269.97,3
B09JG5X1PY,Black,US,4/21/2023,649bca04c7011f374097a946,360mm,Ingenious Store,51,89.99,38.99,89.99,1
B09JG5X1PY,Black,US,4/22/2023,649bca04c7011f374097a947,360mm,Ingenious Store,51,89.99,77.98,179.98,2
B09JG5X1PY,Black,US,4/23/2023,649bca04c7011f374097a948,360mm,Ingenious Store,51,89.99,38.99,89.99,1
B09JG5X1PY,Black,US,3/6/2023,649bcd37c7011f374097ce7a,360mm,Ingenious Store,51,89.99,38.99,89.99,1
B09JG5X1PY,Black,US,3/25/2023,649bcd37c7011f374097ce8d,360mm,Ingenious Store,51,89.99,38.99,89.99,1
B09JG5X1PY,Black,US,3/26/2023,649bcd37c7011f374097ce8e,360mm,Ingenious Store,51,89.99,38.99,89.99,1
B09JG5X1PY,Black,US,3/27/2023,649bcd37c7011f374097ce8f,360mm,Ingenious Store,51,89.99,77.98,179.98,2
B09JG5X1PY,Black,US,2/28/2023,649bcd37c7011f374097ce74,360mm,Ingenious Store,51,89.99,77.98,179.98,2
B09JG5X1PY,Black,US,3/2/2023,649bcd37c7011f374097ce76,360mm,Ingenious Store,51,89.99,77.98,179.98,2
B09JG5X1PY,Black,US,3/3/2023,649bcd37c7011f374097ce77,360mm,Ingenious Store,51,89.99,38.99,89.99,1
B09JG5X1PY,Black,US,3/19/2023,649bcd37c7011f374097ce87,360mm,Ingenious Store,51,89.99,38.99,89.99,1
B09JG5X1PY,Black,US,3/28/2023,649bcd37c7011f374097ce90,360mm,Ingenious Store,51,89.99,38.99,89.99,1
B09JG5X1PY,Black,US,1/18/2023,649bd3a3c7011f374098190f,360mm,Ingenious Store,51,85.99,34.99,85.99,1
B09JG5X1PY,Black,US,1/7/2023,649bd3a3c7011f3740981904,360mm,Ingenious Store,51,85.99,34.99,85.99,1
B09JG5X1PY,Black,US,1/8/2023,649bd3a3c7011f3740981905,360mm,Ingenious Store,51,85.99,69.98,171.98,2
B09JG5X1PY,Black,US,1/12/2023,649bd3a3c7011f3740981909,360mm,Ingenious Store,51,85.99,34.99,85.99,1
B09JG5X1PY,Black,US,1/31/2023,649bd063c7011f374097f3ba,360mm,Ingenious Store,51,85.99,34.99,85.99,1
B09JG5X1PY,Black,US,2/1/2023,649bd063c7011f374097f3bb,360mm,Ingenious Store,51,85.99,69.98,171.98,2
B09JG5X1PY,Black,US,2/3/2023,649bd063c7011f374097f3bd,360mm,Ingenious Store,51,82.99,31.99,82.99,1
B09JG5X1PY,Black,US,2/4/2023,649bd063c7011f374097f3be,360mm,Ingenious Store,51,82.99,31.99,82.99,1
B09JG5X1PY,Black,US,2/6/2023,649bd063c7011f374097f3c0,360mm,Ingenious Store,51,82.99,31.99,82.99,1
B09JG5X1PY,Black,US,2/7/2023,649bd063c7011f374097f3c1,360mm,Ingenious Store,51,82.99,31.99,82.99,1
B09JG5X1PY,Black,US,2/9/2023,649bd063c7011f374097f3c3,360mm,Ingenious Store,51,82.99,31.99,82.99,1
B09JG5X1PY,Black,US,2/15/2023,649bd063c7011f374097f3c9,360mm,Ingenious Store,51,82.99,63.98,165.98,2
B09JG5X1PY,Black,US,2/17/2023,649bd063c7011f374097f3cb,360mm,Ingenious Store,51,82.99,31.99,82.99,1
B09JG5X1PY,Black,US,2/19/2023,649bd063c7011f374097f3cd,360mm,Ingenious Store,51,82.99,95.97,248.97,3
B09JG5X1PY,Black,US,2/21/2023,649bd063c7011f374097f3cf,360mm,Ingenious Store,51,89.99,38.99,89.99,1
B09JG5X1PY,Black,US,2/22/2023,649bd063c7011f374097f3d0,360mm,Ingenious Store,51,89.99,116.97,269.97,3
B09JG5X1PY,Black,US,2/23/2023,649bd063c7011f374097f3d1,360mm,Ingenious Store,51,89.99,38.99,89.99,1
B09JG5X1PY,Black,US,2/25/2023,649bd063c7011f374097f3d3,360mm,Ingenious Store,51,89.99,38.99,89.99,1
B09JG5X1PY,Black,US,2/27/2023,649bd063c7011f374097f3d5,360mm,Ingenious Store,51,89.99,38.99,89.99,1
B09JG5X1PY,Black,JP,10/28/2022,6421cb998c830bbda39ae04f,360mm,Dracaena Store,51,87.962,73.924,175.924,2
B09JG5X1PY,Black,US,10/30/2022,6424fdfe8c830bbda3d9f573,360mm,Dracaena Store,51,86,35,86,1
B09JG5X1PY,Black,GB,12/23/2022,6441e5d8c0c3edd4180e437b,360mm,Dracaena Store,51,97.6122,46.6122,97.6122,1
B09JG5X1PY,Black,GB,12/27/2022,6441e5d8c0c3edd4180e437f,360mm,Dracaena Store,51,94.4372,43.4372,94.4372,1
B09JG5X1PY,Black,US,10/20/2022,64172e1d1bb907e393d7130c,360mm,Dracaena Store,51,86,35,86,1
B09JG5X1PY,Black,DE,11/12/2022,64325d062573fba749d0c051,360mm,Dracaena Store,51,94.83,43.83,94.83,1
B09JG5X1PY,Black,DE,12/9/2022,64424be4c0c3edd41815c34f,360mm,Dracaena Store,51,94.83,43.83,94.83,1
B09JG5X1PY,Black,DE,12/17/2022,64424be4c0c3edd41815c357,360mm,Dracaena Store,51,94.83,43.83,94.83,1
B09JG5X1PY,Black,US,2/8/2023,64425b5ac0c3edd4181688e3,360mm,Dracaena Store,51,86.99,35.99,86.99,1
B09JG5X1PY,Black,US,11/26/2022,644183cbc0c3edd41807802a,360mm,Dracaena Store,51,86.99,35.99,86.99,1
B09JG5X1PY,Black,US,11/28/2022,644183cbc0c3edd41807802c,360mm,Dracaena Store,51,86.99,35.99,86.99,1
B09JG5X1PY,Black,US,11/29/2022,644183cbc0c3edd41807802d,360mm,Dracaena Store,51,86.99,35.99,86.99,1
B09JG5X1PY,Black,US,11/30/2022,644183cbc0c3edd41807802e,360mm,Dracaena Store,51,86.99,35.99,86.99,1
B09JG5X1PY,Black,US,11/23/2022,644183cbc0c3edd418078027,360mm,Dracaena Store,51,86,35,86,1
B09JG5X1PY,Black,US,11/25/2022,644183cbc0c3edd418078029,360mm,Dracaena Store,51,86,35,86,1
B09JG5X1PY,Black,US,12/2/2022,644183cbc0c3edd418078030,360mm,Dracaena Store,51,86.99,107.97,260.97,3
B09JG5X1PY,Black,US,12/3/2022,644183cbc0c3edd418078031,360mm,Dracaena Store,51,86.99,71.98,173.98,2
B09JG5X1PY,Black,US,12/5/2022,644183cbc0c3edd418078033,360mm,Dracaena Store,51,86.99,35.99,86.99,1
B09JG5X1PY,Black,GB,12/18/2022,6442428bc0c3edd41815079c,360mm,Dracaena Store,51,95.25,44.25,95.25,1
B09JG5X1PY,Black,GB,12/20/2022,6442428bc0c3edd41815079e,360mm,Dracaena Store,51,92.6592,41.6592,92.6592,1
B09JG5X1PY,Black,GB,11/24/2022,6442428bc0c3edd418150784,360mm,Dracaena Store,51,87.63,36.63,87.63,1
B09JG5X1PY,Black,GB,12/10/2022,6442428bc0c3edd418150794,360mm,Dracaena Store,51,95.25,44.25,95.25,1
B09JG5X1PY,Black,GB,12/11/2022,6442428bc0c3edd418150795,360mm,Dracaena Store,51,95.25,44.25,95.25,1
B09JG5X1PY,Black,US,12/8/2022,6442544bdc352d950f43816b,360mm,Ingenious Store,51,85.99,69.98,171.98,2
B09JG5X1PY,Black,US,12/12/2022,6442544bdc352d950f43816f,360mm,Ingenious Store,51,85.99,139.96,343.96,4
B09JG5X1PY,Black,US,12/13/2022,6442544bdc352d950f438170,360mm,Ingenious Store,51,85.99,104.97,257.97,3
B09JG5X1PY,Black,US,12/14/2022,6442544bdc352d950f438171,360mm,Ingenious Store,51,85.99,104.97,257.97,3
B09JG5X1PY,Black,US,12/15/2022,6442544bdc352d950f438172,360mm,Ingenious Store,51,85.99,104.97,257.97,3
B09JG5X1PY,Black,US,12/16/2022,6442544bdc352d950f438173,360mm,Ingenious Store,51,85.99,174.95,429.95,5
B09JG5X1PY,Black,FR,12/19/2022,64422620c0c3edd41812c4b5,360mm,Dracaena Store,51,97.01,46.01,97.01,1
B09JG5X1PY,Black,FR,11/24/2022,64422620c0c3edd41812c49c,360mm,Dracaena Store,51,97.01,46.01,97.01,1
