Asin,Color,Country Code,"Month, Day, Year of Date",Order ID,Size,Store,Cost,Price,Profit,Sales,Units
B09JG59MGK,Black,US,5/28/2022,63d0a104dba2fe37f0506245,120mm,Dracaena Store,31.1,49.99,56.67,149.97,3
B09JG59MGK,Black,US,5/29/2022,63d0a104dba2fe37f0506246,120mm,Dracaena Store,31.1,49.99,18.89,49.99,1
B09JG59MGK,Black,US,5/14/2022,63d0be22dba2fe37f05461f7,120mm,Dracaena Store,31.1,49.99,18.89,49.99,1
B09JG59MGK,Black,US,5/16/2022,63d0be22dba2fe37f05461f9,120mm,Dracaena Store,31.1,49.99,18.89,49.99,1
B09JG59MGK,Black,US,5/18/2022,63d0be22dba2fe37f05461fb,120mm,Dracaena Store,31.1,49.99,18.89,49.99,1
B09JG59MGK,Black,US,5/20/2022,63d0be22dba2fe37f05461fd,120mm,Dracaena Store,31.1,49.99,37.78,99.98,2
B09JG59MGK,Black,US,5/21/2022,63d0be22dba2fe37f05461fe,120mm,Dracaena Store,31.1,49.99,18.89,49.99,1
B09JG59MGK,Black,US,5/22/2022,63d0be22dba2fe37f05461ff,120mm,Dracaena Store,31.1,49.99,18.89,49.99,1
B09JG59MGK,Black,US,5/23/2022,63d0be22dba2fe37f0546200,120mm,Dracaena Store,31.1,49.99,18.89,49.99,1
B09JG59MGK,Black,US,5/26/2022,63d0be22dba2fe37f0546203,120mm,Dracaena Store,31.1,49.99,56.67,149.97,3
B09JG59MGK,Black,US,5/27/2022,63d0be22dba2fe37f0546204,120mm,Dracaena Store,31.1,49.99,75.56,199.96,4
B09JG59MGK,Black,US,4/7/2022,63d0db98dba2fe37f0585e68,120mm,Dracaena Store,31.1,49,17.9,49,1
B09JG59MGK,Black,US,6/1/2022,63d4b8d7dba2fe37f0b2346b,120mm,Dracaena Store,31.1,49.99,37.78,99.98,2
B09JG59MGK,Black,US,6/2/2022,63d4b8d7dba2fe37f0b2346c,120mm,Dracaena Store,31.1,25,-12.2,49.99,2
B09JG59MGK,Black,US,6/3/2022,63d4b8d7dba2fe37f0b2346d,120mm,Dracaena Store,31.1,49.99,18.89,49.99,1
B09JG59MGK,Black,US,6/4/2022,63d4b8d7dba2fe37f0b2346e,120mm,Dracaena Store,31.1,49.99,18.89,49.99,1
B09JG59MGK,Black,US,6/18/2022,63d4b8d7dba2fe37f0b2347c,120mm,Dracaena Store,31.1,51.99,83.56,207.96,4
B09JG59MGK,Black,US,6/19/2022,63d4b8d7dba2fe37f0b2347d,120mm,Dracaena Store,31.1,51.99,41.78,103.98,2
B09JG59MGK,Black,US,6/20/2022,63d4b8d7dba2fe37f0b2347e,120mm,Dracaena Store,31.1,51.99,41.78,103.98,2
B09JG59MGK,Black,US,6/21/2022,63d4b8d7dba2fe37f0b2347f,120mm,Dracaena Store,31.1,51.99,62.67,155.97,3
B09JG59MGK,Black,US,6/6/2022,63d4b8d7dba2fe37f0b23470,120mm,Dracaena Store,31.1,49.99,18.89,49.99,1
B09JG59MGK,Black,US,6/7/2022,63d4b8d7dba2fe37f0b23471,120mm,Dracaena Store,31.1,49.99,37.78,99.98,2
B09JG59MGK,Black,US,6/9/2022,63d4b8d7dba2fe37f0b23473,120mm,Dracaena Store,31.1,49.99,18.89,49.99,1
B09JG59MGK,Black,US,6/10/2022,63d4b8d7dba2fe37f0b23474,120mm,Dracaena Store,31.1,49.99,37.78,99.98,2
B09JG59MGK,Black,US,6/11/2022,63d4b8d7dba2fe37f0b23475,120mm,Dracaena Store,31.1,49.99,18.89,49.99,1
B09JG59MGK,Black,US,6/12/2022,63d4b8d7dba2fe37f0b23476,120mm,Dracaena Store,31.1,49.99,18.89,49.99,1
B09JG59MGK,Black,US,6/13/2022,63d4b8d7dba2fe37f0b23477,120mm,Dracaena Store,31.1,49.99,37.78,99.98,2
B09JG59MGK,Black,US,6/14/2022,63d4b8d7dba2fe37f0b23478,120mm,Dracaena Store,31.1,49.99,18.89,49.99,1
B09JG59MGK,Black,US,6/15/2022,63d4b8d7dba2fe37f0b23479,120mm,Dracaena Store,31.1,49.99,113.34,299.94,6
B09JG59MGK,Black,US,6/22/2022,63d4b8d7dba2fe37f0b23480,120mm,Dracaena Store,31.1,51.99,41.78,103.98,2
B09JG59MGK,Black,US,6/23/2022,63d4b8d7dba2fe37f0b23481,120mm,Dracaena Store,31.1,51.99,41.78,103.98,2
B09JG59MGK,Black,US,6/24/2022,63d4b8d7dba2fe37f0b23482,120mm,Dracaena Store,31.1,51.99,104.45,259.95,5
B09JG59MGK,Black,US,6/25/2022,63d4b8d7dba2fe37f0b23483,120mm,Dracaena Store,31.1,51.99,62.67,155.97,3
B09JG59MGK,Black,US,6/26/2022,63d4b8d7dba2fe37f0b23484,120mm,Dracaena Store,31.1,51.99,62.67,155.97,3
B09JG59MGK,Black,US,6/27/2022,63d4b8d7dba2fe37f0b23485,120mm,Dracaena Store,31.1,51.99,83.56,207.96,4
B09JG59MGK,Black,US,6/28/2022,63d4b8d7dba2fe37f0b23486,120mm,Dracaena Store,31.1,51.99,41.78,103.98,2
B09JG59MGK,Black,US,6/29/2022,63d4b8d7dba2fe37f0b23487,120mm,Dracaena Store,31.1,51.99,62.67,155.97,3
B09JG59MGK,Black,US,6/30/2022,63d4b8d7dba2fe37f0b23488,120mm,Dracaena Store,31.1,51.99,83.56,207.96,4
B09JG59MGK,Black,JP,9/2/2022,63d7aca2e561b5a4b697f4d2,120mm,Dracaena Store,31.1,55.993,49.786,111.986,2
B09JG59MGK,Black,JP,9/3/2022,63d8b4a115f0dd999069e679,120mm,Dracaena Store,31.1,55.993,24.893,55.993,1
B09JG59MGK,Black,GB,6/29/2022,63d06ab4dba2fe37f0494dbd,120mm,Dracaena Store,31.1,66.0273,34.9273,66.0273,1
B09JG59MGK,Black,DE,7/7/2022,63d06fd7dba2fe37f04a034b,120mm,Dracaena Store,31.1,56.6691,25.5691,56.6691,1
B09JG59MGK,Black,DE,7/25/2022,63d06fd7dba2fe37f04a035d,120mm,Dracaena Store,31.1,56.6691,25.5691,56.6691,1
B09JG59MGK,Black,CA,7/31/2022,63d45d98dba2fe37f0abbc8f,120mm,Dracaena Store,31.1,52.44,21.34,52.44,1
B09JG59MGK,Black,CA,8/3/2022,63d45d98dba2fe37f0abbc92,120mm,Dracaena Store,31.1,52.44,21.34,52.44,1
B09JG59MGK,Black,JP,6/5/2022,63d46a31dba2fe37f0acbdea,120mm,Dracaena Store,31.1,39.893,8.793,39.893,1
B09JG59MGK,Black,JP,6/8/2022,63d46a31dba2fe37f0acbded,120mm,Dracaena Store,31.1,39.893,8.793,39.893,1
B09JG59MGK,Black,JP,6/13/2022,63d46a31dba2fe37f0acbdf2,120mm,Dracaena Store,31.1,39.893,8.793,39.893,1
B09JG59MGK,Black,US,8/5/2022,63d46c8edba2fe37f0acef7e,120mm,Dracaena Store,31.1,52,20.9,52,1
B09JG59MGK,Black,US,7/31/2022,63d46c8edba2fe37f0acef79,120mm,Dracaena Store,31.1,52,20.9,52,1
B09JG59MGK,Black,US,8/12/2022,63d46c8edba2fe37f0acef85,120mm,Dracaena Store,31.1,52,20.9,52,1
B09JG59MGK,Black,US,8/13/2022,63d46c8edba2fe37f0acef86,120mm,Dracaena Store,31.1,52,20.9,52,1
B09JG59MGK,Black,JP,5/20/2022,63d46f88dba2fe37f0ad2b8a,120mm,Dracaena Store,31.1,39.893,8.793,39.893,1
B09JG59MGK,Black,JP,5/22/2022,63d46f88dba2fe37f0ad2b8c,120mm,Dracaena Store,31.1,39.893,8.793,39.893,1
B09JG59MGK,Black,JP,5/13/2022,63d46f88dba2fe37f0ad2b83,120mm,Dracaena Store,31.1,39.893,26.379,119.679,3
B09JG59MGK,Black,JP,5/15/2022,63d46f88dba2fe37f0ad2b85,120mm,Dracaena Store,31.1,39.893,8.793,39.893,1
B09JG59MGK,Black,JP,5/16/2022,63d46f88dba2fe37f0ad2b86,120mm,Dracaena Store,31.1,39.893,8.793,39.893,1
B09JG59MGK,Black,JP,5/18/2022,63d46f88dba2fe37f0ad2b88,120mm,Dracaena Store,31.1,39.893,8.793,39.893,1
B09JG59MGK,Black,JP,6/1/2022,63d46f88dba2fe37f0ad2b96,120mm,Dracaena Store,31.1,39.893,17.586,79.786,2
B09JG59MGK,Black,CA,7/1/2022,63d47c29dba2fe37f0ae2ad3,120mm,Dracaena Store,31.1,52.3488,21.2488,52.3488,1
B09JG59MGK,Black,CA,7/12/2022,63d47c29dba2fe37f0ae2ade,120mm,Dracaena Store,31.1,49.02,17.92,49.02,1
B09JG59MGK,Black,CA,7/13/2022,63d47c29dba2fe37f0ae2adf,120mm,Dracaena Store,31.1,49.02,53.76,147.06,3
B09JG59MGK,Black,US,7/2/2022,63d48ba8dba2fe37f0af5c1a,120mm,Dracaena Store,31.1,51.99,20.89,51.99,1
B09JG59MGK,Black,US,7/3/2022,63d48ba8dba2fe37f0af5c1b,120mm,Dracaena Store,31.1,51.99,20.89,51.99,1
B09JG59MGK,Black,US,7/4/2022,63d48ba8dba2fe37f0af5c1c,120mm,Dracaena Store,31.1,51.99,41.78,103.98,2
B09JG59MGK,Black,US,7/5/2022,63d48ba8dba2fe37f0af5c1d,120mm,Dracaena Store,31.1,51.99,41.78,103.98,2
B09JG59MGK,Black,US,7/6/2022,63d48ba8dba2fe37f0af5c1e,120mm,Dracaena Store,31.1,51.99,62.67,155.97,3
B09JG59MGK,Black,US,7/7/2022,63d48ba8dba2fe37f0af5c1f,120mm,Dracaena Store,31.1,51.99,41.78,103.98,2
B09JG59MGK,Black,US,7/18/2022,63d48ba8dba2fe37f0af5c2a,120mm,Dracaena Store,31.1,52,20.9,52,1
B09JG59MGK,Black,US,7/20/2022,63d48ba8dba2fe37f0af5c2c,120mm,Dracaena Store,31.1,52,83.6,208,4
B09JG59MGK,Black,US,7/21/2022,63d48ba8dba2fe37f0af5c2d,120mm,Dracaena Store,31.1,52,20.9,52,1
B09JG59MGK,Black,US,7/1/2022,63d48ba8dba2fe37f0af5c19,120mm,Dracaena Store,31.1,51.99,83.56,207.96,4
B09JG59MGK,Black,US,7/8/2022,63d48ba8dba2fe37f0af5c20,120mm,Dracaena Store,31.1,51.99,20.89,51.99,1
B09JG59MGK,Black,US,7/9/2022,63d48ba8dba2fe37f0af5c21,120mm,Dracaena Store,31.1,26,-10.2,51.99,2
B09JG59MGK,Black,US,7/11/2022,63d48ba8dba2fe37f0af5c23,120mm,Dracaena Store,31.1,63,63.8,126,2
B09JG59MGK,Black,US,7/12/2022,63d48ba8dba2fe37f0af5c24,120mm,Dracaena Store,31.1,47.25,80.75,236.25,5
B09JG59MGK,Black,US,7/13/2022,63d48ba8dba2fe37f0af5c25,120mm,Dracaena Store,31.1,47.25,193.8,567,12
B09JG59MGK,Black,US,7/15/2022,63d48ba8dba2fe37f0af5c27,120mm,Dracaena Store,31.1,52,20.9,52,1
B09JG59MGK,Black,US,7/17/2022,63d48ba8dba2fe37f0af5c29,120mm,Dracaena Store,31.1,52,20.9,52,1
B09JG59MGK,Black,US,7/24/2022,63d48ba8dba2fe37f0af5c30,120mm,Dracaena Store,31.1,52,146.3,364,7
B09JG59MGK,Black,US,7/27/2022,63d48ba8dba2fe37f0af5c33,120mm,Dracaena Store,31.1,52,41.8,104,2
B09JG59MGK,Black,US,7/28/2022,63d48ba8dba2fe37f0af5c34,120mm,Dracaena Store,31.1,52,20.9,52,1
B09JG59MGK,Black,US,7/29/2022,63d48ba8dba2fe37f0af5c35,120mm,Dracaena Store,31.1,52,62.7,156,3
B09JG59MGK,Black,US,7/30/2022,63d48ba8dba2fe37f0af5c36,120mm,Dracaena Store,31.1,52,104.5,260,5
B09JG59MGK,Black,CA,6/4/2022,63d49b39dba2fe37f0b096a4,120mm,Dracaena Store,31.1,52.3488,21.2488,52.3488,1
B09JG59MGK,Black,CA,6/17/2022,63d49b39dba2fe37f0b096b1,120mm,Dracaena Store,31.1,52.3488,21.2488,52.3488,1
B09JG59MGK,Black,CA,6/18/2022,63d49b39dba2fe37f0b096b2,120mm,Dracaena Store,31.1,52.3488,21.2488,52.3488,1
B09JG59MGK,Black,CA,6/28/2022,63d49b39dba2fe37f0b096bc,120mm,Dracaena Store,31.1,52.3488,21.2488,52.3488,1
B09JG59MGK,Black,CA,6/30/2022,63d49b39dba2fe37f0b096be,120mm,Dracaena Store,31.1,52.3488,21.2488,52.3488,1
B09JG59MGK,Black,US,9/9/2022,63d81ad2e561b5a4b69bb5c9,120mm,Dracaena Store,31.1,52,20.9,52,1
B09JG59MGK,Black,JP,7/20/2022,63d464d4dba2fe37f0ac4fef,120mm,Dracaena Store,31.1,52.493,21.393,52.493,1
B09JG59MGK,Black,MX,7/13/2022,63d474a4dba2fe37f0ad90e3,120mm,Dracaena Store,31.1,58.07714,26.97714,58.07714,1
B09JG59MGK,Black,JP,4/27/2022,63d474f6dba2fe37f0ad97bb,120mm,Dracaena Store,31.1,41.993,10.893,41.993,1
B09JG59MGK,Black,JP,5/1/2022,63d474f6dba2fe37f0ad97bf,120mm,Dracaena Store,31.1,41.993,10.893,41.993,1
B09JG59MGK,Black,JP,5/2/2022,63d474f6dba2fe37f0ad97c0,120mm,Dracaena Store,31.1,41.993,10.893,41.993,1
B09JG59MGK,Black,MX,6/8/2022,63d493bfdba2fe37f0affec8,120mm,Dracaena Store,31.1,62.64,31.54,62.64,1
B09JG59MGK,Black,US,2/7/2022,63d1426ddba2fe37f063163d,120mm,Dracaena Store,31.1,49,17.9,49,1
B09JG59MGK,Black,DE,7/27/2022,63d03888dba2fe37f0432c5b,120mm,Dracaena Store,31.1,60.5604,29.4604,60.5604,1
B09JG59MGK,Black,DE,8/5/2022,63d03888dba2fe37f0432c64,120mm,Dracaena Store,31.1,61.0509,29.9509,61.0509,1
B09JG59MGK,Black,DE,8/6/2022,63d03888dba2fe37f0432c65,120mm,Dracaena Store,31.1,61.0509,29.9509,61.0509,1
B09JG59MGK,Black,DE,8/10/2022,63d03888dba2fe37f0432c69,120mm,Dracaena Store,31.1,61.0509,29.9509,61.0509,1
B09JG59MGK,Black,GB,6/20/2022,63d11169dba2fe37f05f47a4,120mm,Dracaena Store,31.1,55.118,24.018,55.118,1
B09JG59MGK,Black,GB,5/31/2022,63d11169dba2fe37f05f4790,120mm,Dracaena Store,31.1,53.8734,22.7734,53.8734,1
B09JG59MGK,Black,GB,6/1/2022,63d11169dba2fe37f05f4791,120mm,Dracaena Store,31.1,53.8734,45.5468,107.7468,2
B09JG59MGK,Black,GB,5/20/2022,63d16277dba2fe37f0657821,120mm,Dracaena Store,31.1,54.5973,23.4973,54.5973,1
B09JG59MGK,Black,GB,5/24/2022,63d16277dba2fe37f0657825,120mm,Dracaena Store,31.1,54.5973,23.4973,54.5973,1
B09JG59MGK,Black,GB,5/26/2022,63d16277dba2fe37f0657827,120mm,Dracaena Store,31.1,54.2417,92.5668,216.9414,4
B09JG59MGK,Black,GB,5/27/2022,63d16277dba2fe37f0657828,120mm,Dracaena Store,31.1,53.8734,22.7734,53.8734,1
B09JG59MGK,Black,US,1/3/2022,63d16973dba2fe37f066410a,120mm,Dracaena Store,31.1,45,27.8,90,2
B09JG59MGK,Black,US,1/4/2022,63d16973dba2fe37f066410b,120mm,Dracaena Store,31.1,45,13.9,45,1
B09JG59MGK,Black,US,1/5/2022,63d16973dba2fe37f066410c,120mm,Dracaena Store,31.1,45,41.7,135,3
B09JG59MGK,Black,US,1/6/2022,63d16973dba2fe37f066410d,120mm,Dracaena Store,31.1,45,13.9,45,1
B09JG59MGK,Black,US,1/19/2022,63d16973dba2fe37f066411a,120mm,Dracaena Store,31.1,45,27.8,90,2
B09JG59MGK,Black,US,1/22/2022,63d16973dba2fe37f066411d,120mm,Dracaena Store,31.1,45,41.7,135,3
B09JG59MGK,Black,US,1/23/2022,63d16973dba2fe37f066411e,120mm,Dracaena Store,31.1,45,13.9,45,1
B09JG59MGK,Black,US,1/24/2022,63d16973dba2fe37f066411f,120mm,Dracaena Store,31.1,45,41.7,135,3
B09JG59MGK,Black,US,12/31/2021,63d16973dba2fe37f0664107,120mm,Dracaena Store,31.1,45,27.8,90,2
B09JG59MGK,Black,US,1/11/2022,63d16973dba2fe37f0664112,120mm,Dracaena Store,31.1,45,13.9,45,1
B09JG59MGK,Black,US,1/13/2022,63d16973dba2fe37f0664114,120mm,Dracaena Store,31.1,45,27.8,90,2
B09JG59MGK,Black,US,1/14/2022,63d16973dba2fe37f0664115,120mm,Dracaena Store,31.1,45,27.8,90,2
B09JG59MGK,Black,US,1/15/2022,63d16973dba2fe37f0664116,120mm,Dracaena Store,31.1,45,13.9,45,1
B09JG59MGK,Black,US,1/17/2022,63d16973dba2fe37f0664118,120mm,Dracaena Store,31.1,45,41.7,135,3
B09JG59MGK,Black,US,1/18/2022,63d16973dba2fe37f0664119,120mm,Dracaena Store,31.1,45,27.8,90,2
B09JG59MGK,Black,US,1/25/2022,63d16973dba2fe37f0664120,120mm,Dracaena Store,31.1,45,27.8,90,2
B09JG59MGK,Black,US,1/26/2022,63d16973dba2fe37f0664121,120mm,Dracaena Store,31.1,49,17.9,49,1
B09JG59MGK,Black,US,12/6/2021,63d18651dba2fe37f0697cbe,120mm,Dracaena Store,31.1,45.99,14.89,45.99,1
B09JG59MGK,Black,US,12/7/2021,63d18651dba2fe37f0697cbf,120mm,Dracaena Store,31.1,45.99,14.89,45.99,1
B09JG59MGK,Black,US,12/8/2021,63d18651dba2fe37f0697cc0,120mm,Dracaena Store,31.1,45.99,14.89,45.99,1
B09JG59MGK,Black,US,12/12/2021,63d18651dba2fe37f0697cc4,120mm,Dracaena Store,31.1,45.99,14.89,45.99,1
B09JG59MGK,Black,US,12/14/2021,63d18651dba2fe37f0697cc6,120mm,Dracaena Store,31.1,45.99,14.89,45.99,1
B09JG59MGK,Black,US,12/15/2021,63d18651dba2fe37f0697cc7,120mm,Dracaena Store,31.1,45.99,14.89,45.99,1
B09JG59MGK,Black,US,12/22/2021,63d18651dba2fe37f0697cce,120mm,Dracaena Store,31.1,45.99,29.78,91.98,2
B09JG59MGK,Black,US,12/25/2021,63d18651dba2fe37f0697cd1,120mm,Dracaena Store,31.1,45,13.9,45,1
B09JG59MGK,Black,US,12/26/2021,63d18651dba2fe37f0697cd2,120mm,Dracaena Store,31.1,45,27.8,90,2
B09JG59MGK,Black,US,12/27/2021,63d18651dba2fe37f0697cd3,120mm,Dracaena Store,31.1,45,13.9,45,1
B09JG59MGK,Black,US,12/28/2021,63d18651dba2fe37f0697cd4,120mm,Dracaena Store,31.1,45,13.9,45,1
B09JG59MGK,Black,US,9/10/2022,63e2f6ec58ed550a45d8ba5a,120mm,Dracaena Store,31.1,52,20.9,52,1
B09JG59MGK,Black,US,9/13/2022,63e4748c58ed550a45f8524a,120mm,Dracaena Store,31.1,52,62.7,156,3
B09JG59MGK,Black,US,9/11/2022,63e4748c58ed550a45f85248,120mm,Dracaena Store,31.1,52,41.8,104,2
B09JG59MGK,Black,US,9/14/2022,63e869157d111e070f946be3,120mm,Dracaena Store,31.1,52,20.9,52,1
B09JG59MGK,Black,US,9/16/2022,63ea5fccb65d634d6936cb8a,120mm,Dracaena Store,31.1,52,20.9,52,1
B09JG59MGK,Black,US,9/21/2022,63eb1399b65d634d69480b6a,120mm,Dracaena Store,31.1,52,41.8,104,2
B09JG59MGK,Black,US,9/17/2022,63eb1399b65d634d69480b66,120mm,Dracaena Store,31.1,52,20.9,52,1
B09JG59MGK,Black,US,9/18/2022,63eb1399b65d634d69480b67,120mm,Dracaena Store,31.1,52,20.9,52,1
B09JG59MGK,Black,US,9/19/2022,63eb1399b65d634d69480b68,120mm,Dracaena Store,31.1,52,41.8,104,2
B09JG59MGK,Black,US,9/20/2022,63eb1399b65d634d69480b69,120mm,Dracaena Store,31.1,52,62.7,156,3
B09JG59MGK,Black,AU,9/18/2022,63ed1d1cb65d634d696b7fb0,120mm,Dracaena Store,31.1,60.97,29.87,60.97,1
B09JG59MGK,Black,US,9/24/2022,63f4e58b6b5148a575c02dbe,120mm,Dracaena Store,31.1,52,41.8,104,2
B09JG59MGK,Black,US,9/22/2022,63f26adbea6105710225e604,120mm,Dracaena Store,31.1,52,20.9,52,1
B09JG59MGK,Black,US,9/23/2022,63f26adbea6105710225e605,120mm,Dracaena Store,31.1,52,41.8,104,2
B09JG59MGK,Black,US,9/26/2022,63f81f186b5148a575091f92,120mm,Dracaena Store,31.1,39,31.6,156,4
B09JG59MGK,Black,DE,9/21/2022,63f091ffb137a68bcc6b9fe6,120mm,Dracaena Store,31.1,61.5632,30.4632,61.5632,1
B09JG59MGK,Black,US,9/27/2022,63f919ee6b5148a5751cfa58,120mm,Dracaena Store,31.1,52,62.7,156,3
B09JG59MGK,Black,DE,9/22/2022,63f2957bea6105710229d64c,120mm,Dracaena Store,31.1,61.5632,30.4632,61.5632,1
B09JG59MGK,Black,DE,9/23/2022,63f2957bea6105710229d64d,120mm,Dracaena Store,31.1,61.3125,60.425,122.6141,2
B09JG59MGK,Black,US,9/25/2022,63f6873e6b5148a575e6a304,120mm,Dracaena Store,31.1,52,20.9,52,1
B09JG59MGK,Black,JP,10/8/2022,63f751776b5148a575f94fba,120mm,Dracaena Store,31.1,55.993,24.893,55.993,1
B09JG59MGK,Black,US,9/28/2022,63fa834e6b5148a57539d074,120mm,Dracaena Store,31.1,52,62.7,156,3
B09JG59MGK,Black,DE,10/1/2022,63fbc75d6b5148a5754fc84a,120mm,Dracaena Store,31.1,61.0509,29.9509,61.0509,1
B09JG59MGK,Black,US,9/29/2022,63fc12276b5148a5755416e6,120mm,Dracaena Store,31.1,48,219.7,624,13
B09JG59MGK,Black,US,9/30/2022,63fcfbea6b5148a5755e9d64,120mm,Dracaena Store,31.1,52,62.7,156,3
B09JG59MGK,Black,US,10/1/2022,63fe28626b5148a575688bc6,120mm,Dracaena Store,31.1,52,104.5,260,5
B09JG59MGK,Black,CA,10/4/2022,63feeca06b5148a5756f1b6e,120mm,Dracaena Store,31.1,52.44,21.34,52.44,1
B09JG59MGK,Black,US,10/3/2022,63ff00c56b5148a5756febc9,120mm,Dracaena Store,31.1,52,83.6,208,4
B09JG59MGK,Black,US,10/4/2022,63ff00c56b5148a5756febca,120mm,Dracaena Store,31.1,52,188.1,468,9
B09JG59MGK,Black,US,10/5/2022,63ff00c56b5148a5756febcb,120mm,Dracaena Store,31.1,52,62.7,156,3
B09JG59MGK,Black,US,10/6/2022,63ff00c56b5148a5756febcc,120mm,Dracaena Store,31.1,52,62.7,156,3
B09JG59MGK,Black,US,10/7/2022,63ff00c56b5148a5756febcd,120mm,Dracaena Store,31.1,52,20.9,52,1
B09JG59MGK,Black,US,10/8/2022,63ff00c56b5148a5756febce,120mm,Dracaena Store,31.1,52,83.6,208,4
B09JG59MGK,Black,US,10/9/2022,63ff00c56b5148a5756febcf,120mm,Dracaena Store,31.1,52,83.6,208,4
B09JG59MGK,Black,US,10/10/2022,63ff00c56b5148a5756febd0,120mm,Dracaena Store,31.1,46,134.1,414,9
B09JG59MGK,Black,US,10/11/2022,640bb3964c54910acbb3d758,120mm,Dracaena Store,31.1,46,119.2,368,8
B09JG59MGK,Black,AU,10/19/2022,640c74c61bb907e393404659,120mm,Dracaena Store,31.1,65.66,34.56,65.66,1
B09JG59MGK,Black,JP,10/12/2022,640cd1531bb907e39347454c,120mm,Dracaena Store,31.1,51.093,19.993,51.093,1
B09JG59MGK,Black,DE,10/12/2022,640d8d551bb907e39356c904,120mm,Dracaena Store,31.1,61.5632,30.4632,61.5632,1
B09JG59MGK,Black,US,10/12/2022,640d18551bb907e3934d320e,120mm,Dracaena Store,31.1,52,104.5,260,5
B09JG59MGK,Black,GB,10/12/2022,640d87591bb907e393563106,120mm,Dracaena Store,31.1,60.9473,29.8473,60.9473,1
B09JG59MGK,Black,CA,10/13/2022,640df2281bb907e3935d4b8a,120mm,Dracaena Store,31.1,52.44,21.34,52.44,1
B09JG59MGK,Black,JP,10/14/2022,640e609d1bb907e393667368,120mm,Dracaena Store,31.1,51.093,19.993,51.093,1
B09JG59MGK,Black,JP,10/27/2022,640e609d1bb907e393667375,120mm,Dracaena Store,31.1,53.186,22.086,53.186,1
B09JG59MGK,Black,US,10/13/2022,640e02111bb907e3935ed8ce,120mm,Dracaena Store,31.1,52,104.5,260,5
B09JG59MGK,Black,US,10/14/2022,640f88e21bb907e3937935fc,120mm,Dracaena Store,31.1,52,62.7,156,3
B09JG59MGK,Black,US,11/3/2022,642a03058c830bbda334c1b5,120mm,Dracaena Store,31.1,52,167.2,416,8
B09JG59MGK,Black,US,11/4/2022,642a03058c830bbda334c1b6,120mm,Dracaena Store,31.1,52,188.1,468,9
B09JG59MGK,Black,US,11/5/2022,642cc677297d80a266ec4aa1,120mm,Dracaena Store,31.1,52,146.3,364,7
B09JG59MGK,Black,US,11/6/2022,642cc677297d80a266ec4aa2,120mm,Dracaena Store,31.1,52,146.3,364,7
B09JG59MGK,Black,US,11/7/2022,642cc677297d80a266ec4aa3,120mm,Dracaena Store,31.1,54.99,95.56,219.96,4
B09JG59MGK,Black,US,11/8/2022,642cc677297d80a266ec4aa4,120mm,Dracaena Store,31.1,50.27,345.06,904.93,18
B09JG59MGK,Black,JP,11/19/2022,643ebcd6c0c3edd418d542b3,120mm,Dracaena Store,31.1,46.186,15.086,46.186,1
B09JG59MGK,Black,CA,11/19/2022,643f2ae1c0c3edd418dd2aa5,120mm,Dracaena Store,31.1,52.44,21.34,52.44,1
B09JG59MGK,Black,US,11/19/2022,643f438cc0c3edd418deef75,120mm,Dracaena Store,31.1,55,119.5,275,5
B09JG59MGK,Black,AU,3/30/2023,649a6ef8fcf18ae63867a828,120mm,Dracaena Store,31.1,53.8144,22.7144,53.8144,1
B09JG59MGK,Black,AU,2/1/2023,649a7c87fcf18ae63868eae7,120mm,Dracaena Store,31.1,63.3083,32.2083,63.3083,1
B09JG59MGK,Black,AU,2/21/2023,649a7c87fcf18ae63868eafb,120mm,Dracaena Store,31.1,56.6083,25.5083,56.6083,1
B09JG59MGK,Black,US,12/29/2022,649a821378eebbe0e4c531e7,120mm,Ingenious Store,31.1,56.99,129.45,284.95,5
B09JG59MGK,Black,MX,6/6/2023,649ba22d53a4ec2274b93da8,120mm,Dracaena Store,31.1,75.342,44.242,75.342,1
B09JG59MGK,Black,MX,6/18/2023,649ba22d53a4ec2274b93db4,120mm,Dracaena Store,31.1,75.342,44.242,75.342,1
B09JG59MGK,Black,JP,5/4/2023,649ba73353a4ec2274b9b70d,120mm,Dracaena Store,31.1,55.993,24.893,55.993,1
B09JG59MGK,Black,JP,5/6/2023,649ba73353a4ec2274b9b70f,120mm,Dracaena Store,31.1,55.993,74.679,167.979,3
B09JG59MGK,Black,JP,5/11/2023,649ba73353a4ec2274b9b714,120mm,Dracaena Store,31.1,55.993,49.786,111.986,2
B09JG59MGK,Black,JP,5/13/2023,649ba73353a4ec2274b9b716,120mm,Dracaena Store,31.1,55.993,49.786,111.986,2
B09JG59MGK,Black,JP,5/14/2023,649ba73353a4ec2274b9b717,120mm,Dracaena Store,31.1,55.993,24.893,55.993,1
B09JG59MGK,Black,CA,6/4/2023,649bac9053a4ec2274ba4156,120mm,Dracaena Store,31.1,58.52,27.42,58.52,1
B09JG59MGK,Black,JP,4/7/2023,649baeb853a4ec2274ba71a0,120mm,Dracaena Store,31.1,47.593,16.493,47.593,1
B09JG59MGK,Black,JP,4/9/2023,649baeb853a4ec2274ba71a2,120mm,Dracaena Store,31.1,47.593,16.493,47.593,1
B09JG59MGK,Black,JP,4/10/2023,649baeb853a4ec2274ba71a3,120mm,Dracaena Store,31.1,47.593,16.493,47.593,1
B09JG59MGK,Black,JP,4/11/2023,649baeb853a4ec2274ba71a4,120mm,Dracaena Store,31.1,47.593,16.493,47.593,1
B09JG59MGK,Black,JP,4/12/2023,649baeb853a4ec2274ba71a5,120mm,Dracaena Store,31.1,47.593,32.986,95.186,2
B09JG59MGK,Black,JP,4/13/2023,649baeb853a4ec2274ba71a6,120mm,Dracaena Store,31.1,55.993,24.893,55.993,1
B09JG59MGK,Black,JP,4/15/2023,649baeb853a4ec2274ba71a8,120mm,Dracaena Store,31.1,47.593,16.493,47.593,1
B09JG59MGK,Black,JP,4/19/2023,649baeb853a4ec2274ba71ac,120mm,Dracaena Store,31.1,47.593,16.493,47.593,1
B09JG59MGK,Black,JP,4/20/2023,649baeb853a4ec2274ba71ad,120mm,Dracaena Store,31.1,47.593,32.986,95.186,2
B09JG59MGK,Black,JP,4/21/2023,649baeb853a4ec2274ba71ae,120mm,Dracaena Store,31.1,47.593,16.493,47.593,1
B09JG59MGK,Black,JP,4/22/2023,649baeb853a4ec2274ba71af,120mm,Dracaena Store,31.1,47.593,16.493,47.593,1
B09JG59MGK,Black,JP,4/23/2023,649baeb853a4ec2274ba71b0,120mm,Dracaena Store,31.1,47.593,32.986,95.186,2
B09JG59MGK,Black,JP,4/24/2023,649baeb853a4ec2274ba71b1,120mm,Dracaena Store,31.1,47.593,65.972,190.372,4
B09JG59MGK,Black,JP,4/25/2023,649baeb853a4ec2274ba71b2,120mm,Dracaena Store,31.1,47.593,49.479,142.779,3
B09JG59MGK,Black,JP,4/26/2023,649baeb853a4ec2274ba71b3,120mm,Dracaena Store,31.1,47.593,65.972,190.372,4
B09JG59MGK,Black,JP,4/28/2023,649baeb853a4ec2274ba71b5,120mm,Dracaena Store,31.1,47.593,16.493,47.593,1
B09JG59MGK,Black,JP,4/1/2023,649baeb853a4ec2274ba719a,120mm,Dracaena Store,31.1,55.993,24.893,55.993,1
B09JG59MGK,Black,JP,4/3/2023,649baeb853a4ec2274ba719c,120mm,Dracaena Store,31.1,55.993,74.679,167.979,3
B09JG59MGK,Black,JP,4/4/2023,649baeb853a4ec2274ba719d,120mm,Dracaena Store,31.1,55.993,24.893,55.993,1
B09JG59MGK,Black,JP,4/5/2023,649baeb853a4ec2274ba719e,120mm,Dracaena Store,31.1,55.993,24.893,55.993,1
B09JG59MGK,Black,JP,4/6/2023,649baeb853a4ec2274ba719f,120mm,Dracaena Store,31.1,47.593,32.986,95.186,2
B09JG59MGK,Black,GB,5/29/2023,649bb94c53a4ec2274bb811e,120mm,Dracaena Store,31.1,64.77,33.67,64.77,1
B09JG59MGK,Black,GB,6/14/2023,649bb94c53a4ec2274bb812e,120mm,Dracaena Store,31.1,64.77,33.67,64.77,1
B09JG59MGK,Black,GB,6/1/2023,649bb94c53a4ec2274bb8121,120mm,Dracaena Store,31.1,64.77,67.34,129.54,2
B09JG59MGK,Black,GB,6/2/2023,649bb94c53a4ec2274bb8122,120mm,Dracaena Store,31.1,64.77,33.67,64.77,1
B09JG59MGK,Black,GB,6/3/2023,649bb94c53a4ec2274bb8123,120mm,Dracaena Store,31.1,64.77,33.67,64.77,1
B09JG59MGK,Black,GB,6/17/2023,649bb94c53a4ec2274bb8131,120mm,Dracaena Store,31.1,64.77,33.67,64.77,1
B09JG59MGK,Black,GB,6/19/2023,649bb94c53a4ec2274bb8133,120mm,Dracaena Store,31.1,64.77,33.67,64.77,1
B09JG59MGK,Black,GB,6/21/2023,649bb94c53a4ec2274bb8135,120mm,Dracaena Store,31.1,64.77,33.67,64.77,1
B09JG59MGK,Black,GB,6/24/2023,649bb94c53a4ec2274bb8138,120mm,Dracaena Store,31.1,64.77,33.67,64.77,1
B09JG59MGK,Black,JP,2/28/2023,649bbd3f53a4ec2274bbe0be,120mm,Dracaena Store,31.1,55.993,74.679,167.979,3
B09JG59MGK,Black,JP,3/1/2023,649bbd3f53a4ec2274bbe0bf,120mm,Dracaena Store,31.1,55.993,24.893,55.993,1
B09JG59MGK,Black,JP,3/3/2023,649bbd3f53a4ec2274bbe0c1,120mm,Dracaena Store,31.1,55.993,24.893,55.993,1
B09JG59MGK,Black,JP,3/4/2023,649bbd3f53a4ec2274bbe0c2,120mm,Dracaena Store,31.1,55.993,49.786,111.986,2
B09JG59MGK,Black,JP,3/6/2023,649bbd3f53a4ec2274bbe0c4,120mm,Dracaena Store,31.1,55.993,49.786,111.986,2
B09JG59MGK,Black,JP,3/7/2023,649bbd3f53a4ec2274bbe0c5,120mm,Dracaena Store,31.1,55.993,49.786,111.986,2
B09JG59MGK,Black,JP,3/9/2023,649bbd3f53a4ec2274bbe0c7,120mm,Dracaena Store,31.1,55.993,24.893,55.993,1
B09JG59MGK,Black,JP,3/12/2023,649bbd3f53a4ec2274bbe0ca,120mm,Dracaena Store,31.1,55.993,49.786,111.986,2
B09JG59MGK,Black,JP,3/26/2023,649bbd3f53a4ec2274bbe0d8,120mm,Dracaena Store,31.1,55.993,49.786,111.986,2
B09JG59MGK,Black,JP,3/28/2023,649bbd3f53a4ec2274bbe0da,120mm,Dracaena Store,31.1,55.993,24.893,55.993,1
B09JG59MGK,Black,JP,3/29/2023,649bbd3f53a4ec2274bbe0db,120mm,Dracaena Store,31.1,55.993,24.893,55.993,1
B09JG59MGK,Black,CA,4/29/2023,649bc5b6c7011f3740977816,120mm,Ingenious Store,31.1,60.7392,29.6392,60.7392,1
B09JG59MGK,Black,US,5/7/2023,649bc6c9c7011f374097848a,120mm,Ingenious Store,31.1,59.99,144.45,299.95,5
B09JG59MGK,Black,US,5/8/2023,649bc6c9c7011f374097848b,120mm,Ingenious Store,31.1,59.99,115.56,239.96,4
B09JG59MGK,Black,US,5/9/2023,649bc6c9c7011f374097848c,120mm,Ingenious Store,31.1,59.99,202.23,419.93,7
B09JG59MGK,Black,US,5/10/2023,649bc6c9c7011f374097848d,120mm,Ingenious Store,31.1,59.99,288.9,599.9,10
B09JG59MGK,Black,US,5/11/2023,649bc6c9c7011f374097848e,120mm,Ingenious Store,31.1,59.99,808.92,1679.72,28
B09JG59MGK,Black,US,5/12/2023,649bc6c9c7011f374097848f,120mm,Ingenious Store,31.1,59.99,346.68,719.88,12
B09JG59MGK,Black,US,5/23/2023,649bc6c9c7011f374097849a,120mm,Ingenious Store,31.1,59.99,260.01,539.91,9
B09JG59MGK,Black,US,5/24/2023,649bc6c9c7011f374097849b,120mm,Ingenious Store,31.1,59.99,202.23,419.93,7
B09JG59MGK,Black,US,5/25/2023,649bc6c9c7011f374097849c,120mm,Ingenious Store,31.1,59.99,231.12,479.92,8
B09JG59MGK,Black,US,5/26/2023,649bc6c9c7011f374097849d,120mm,Ingenious Store,31.1,59.99,375.57,779.87,13
B09JG59MGK,Black,US,5/27/2023,649bc6c9c7011f374097849e,120mm,Ingenious Store,31.1,59.99,404.46,839.86,14
B09JG59MGK,Black,US,5/28/2023,649bc6c9c7011f374097849f,120mm,Ingenious Store,31.1,59.99,231.12,479.92,8
B09JG59MGK,Black,US,4/30/2023,649bc6c9c7011f3740978483,120mm,Ingenious Store,31.1,63.99,32.89,63.99,1
B09JG59MGK,Black,US,5/1/2023,649bc6c9c7011f3740978484,120mm,Ingenious Store,31.1,62.39,156.45,311.95,5
B09JG59MGK,Black,US,5/2/2023,649bc6c9c7011f3740978485,120mm,Ingenious Store,31.1,59.99,86.67,179.97,3
B09JG59MGK,Black,US,5/3/2023,649bc6c9c7011f3740978486,120mm,Ingenious Store,31.1,59.99,491.13,1019.83,17
B09JG59MGK,Black,US,5/4/2023,649bc6c9c7011f3740978487,120mm,Ingenious Store,31.1,59.99,115.56,239.96,4
B09JG59MGK,Black,US,5/5/2023,649bc6c9c7011f3740978488,120mm,Ingenious Store,31.1,59.99,346.68,719.88,12
B09JG59MGK,Black,US,5/6/2023,649bc6c9c7011f3740978489,120mm,Ingenious Store,31.1,59.99,317.79,659.89,11
B09JG59MGK,Black,US,5/13/2023,649bc6c9c7011f3740978490,120mm,Ingenious Store,31.1,59.99,144.45,299.95,5
B09JG59MGK,Black,US,5/14/2023,649bc6c9c7011f3740978491,120mm,Ingenious Store,31.1,59.99,462.24,959.84,16
B09JG59MGK,Black,US,5/15/2023,649bc6c9c7011f3740978492,120mm,Ingenious Store,31.1,59.99,288.9,599.9,10
B09JG59MGK,Black,US,5/16/2023,649bc6c9c7011f3740978493,120mm,Ingenious Store,31.1,59.99,144.45,299.95,5
B09JG59MGK,Black,US,5/17/2023,649bc6c9c7011f3740978494,120mm,Ingenious Store,31.1,55.99,373.35,839.86,15
B09JG59MGK,Black,US,5/18/2023,649bc6c9c7011f3740978495,120mm,Ingenious Store,31.1,59.99,260.01,539.91,9
B09JG59MGK,Black,US,5/19/2023,649bc6c9c7011f3740978496,120mm,Ingenious Store,31.1,59.99,144.45,299.95,5
B09JG59MGK,Black,US,5/20/2023,649bc6c9c7011f3740978497,120mm,Ingenious Store,31.1,59.99,115.56,239.96,4
B09JG59MGK,Black,US,5/21/2023,649bc6c9c7011f3740978498,120mm,Ingenious Store,31.1,59.99,231.12,479.92,8
B09JG59MGK,Black,US,5/22/2023,649bc6c9c7011f3740978499,120mm,Ingenious Store,31.1,59.99,375.57,779.87,13
B09JG59MGK,Black,DE,6/1/2023,649bc07e53a4ec2274bc38e1,120mm,Dracaena Store,31.1,61.0291,29.9291,61.0291,1
B09JG59MGK,Black,DE,6/3/2023,649bc07e53a4ec2274bc38e3,120mm,Dracaena Store,31.1,61.0291,29.9291,61.0291,1
B09JG59MGK,Black,DE,6/8/2023,649bc07e53a4ec2274bc38e8,120mm,Dracaena Store,31.1,61.5414,30.4414,61.5414,1
B09JG59MGK,Black,DE,6/16/2023,649bc07e53a4ec2274bc38f0,120mm,Dracaena Store,31.1,61.2907,60.3814,122.5705,2
B09JG59MGK,Black,DE,6/22/2023,649bc07e53a4ec2274bc38f6,120mm,Dracaena Store,31.1,59.4922,28.3922,59.4922,1
B09JG59MGK,Black,DE,6/26/2023,649bc07e53a4ec2274bc38fa,120mm,Dracaena Store,31.1,61.0291,29.9291,61.0291,1
B09JG59MGK,Black,US,5/29/2023,649bc37cc7011f3740975f3e,120mm,Ingenious Store,31.1,59.99,520.02,1079.82,18
B09JG59MGK,Black,US,5/30/2023,649bc37cc7011f3740975f3f,120mm,Ingenious Store,31.1,62.99,191.34,377.94,6
B09JG59MGK,Black,US,6/10/2023,649bc37cc7011f3740975f4a,120mm,Ingenious Store,31.1,59.99,231.12,479.92,8
B09JG59MGK,Black,US,6/11/2023,649bc37cc7011f3740975f4b,120mm,Ingenious Store,31.1,59.99,202.23,419.93,7
B09JG59MGK,Black,US,6/12/2023,649bc37cc7011f3740975f4c,120mm,Ingenious Store,31.1,44.99,55.56,179.97,4
B09JG59MGK,Black,US,6/13/2023,649bc37cc7011f3740975f4d,120mm,Ingenious Store,31.1,59.99,288.9,599.9,10
B09JG59MGK,Black,US,6/14/2023,649bc37cc7011f3740975f4e,120mm,Ingenious Store,31.1,59.99,202.23,419.93,7
B09JG59MGK,Black,US,6/15/2023,649bc37cc7011f3740975f4f,120mm,Ingenious Store,31.1,59.99,86.67,179.97,3
B09JG59MGK,Black,US,6/26/2023,649bc37cc7011f3740975f5a,120mm,Ingenious Store,31.1,59.99,231.12,479.92,8
B09JG59MGK,Black,US,6/27/2023,649bc37cc7011f3740975f5b,120mm,Ingenious Store,31.1,59.99,115.56,239.96,4
B09JG59MGK,Black,US,5/31/2023,649bc37cc7011f3740975f40,120mm,Ingenious Store,31.1,58.62,220.16,468.92,8
B09JG59MGK,Black,US,6/1/2023,649bc37cc7011f3740975f41,120mm,Ingenious Store,31.1,57.99,215.12,463.92,8
B09JG59MGK,Black,US,6/2/2023,649bc37cc7011f3740975f42,120mm,Ingenious Store,31.1,57.99,134.45,289.95,5
B09JG59MGK,Black,US,6/3/2023,649bc37cc7011f3740975f43,120mm,Ingenious Store,31.1,57.99,242.01,521.91,9
B09JG59MGK,Black,US,6/4/2023,649bc37cc7011f3740975f44,120mm,Ingenious Store,31.1,58.79,138.45,293.95,5
B09JG59MGK,Black,US,6/5/2023,649bc37cc7011f3740975f45,120mm,Ingenious Store,31.1,59.99,231.12,479.92,8
B09JG59MGK,Black,US,6/6/2023,649bc37cc7011f3740975f46,120mm,Ingenious Store,31.1,59.99,86.67,179.97,3
B09JG59MGK,Black,US,6/7/2023,649bc37cc7011f3740975f47,120mm,Ingenious Store,31.1,59.99,346.68,719.88,12
B09JG59MGK,Black,US,6/8/2023,649bc37cc7011f3740975f48,120mm,Ingenious Store,31.1,59.99,144.45,299.95,5
B09JG59MGK,Black,US,6/9/2023,649bc37cc7011f3740975f49,120mm,Ingenious Store,31.1,55.82,148.32,334.94,6
B09JG59MGK,Black,US,6/16/2023,649bc37cc7011f3740975f50,120mm,Ingenious Store,31.1,59.99,317.79,659.89,11
B09JG59MGK,Black,US,6/17/2023,649bc37cc7011f3740975f51,120mm,Ingenious Store,31.1,59.99,86.67,179.97,3
B09JG59MGK,Black,US,6/18/2023,649bc37cc7011f3740975f52,120mm,Ingenious Store,31.1,59.99,86.67,179.97,3
B09JG59MGK,Black,US,6/19/2023,649bc37cc7011f3740975f53,120mm,Ingenious Store,31.1,59.99,317.79,659.89,11
B09JG59MGK,Black,US,6/20/2023,649bc37cc7011f3740975f54,120mm,Ingenious Store,31.1,59.99,260.01,539.91,9
B09JG59MGK,Black,US,6/21/2023,649bc37cc7011f3740975f55,120mm,Ingenious Store,31.1,59.99,346.68,719.88,12
B09JG59MGK,Black,US,6/22/2023,649bc37cc7011f3740975f56,120mm,Ingenious Store,31.1,59.99,231.12,479.92,8
B09JG59MGK,Black,US,6/23/2023,649bc37cc7011f3740975f57,120mm,Ingenious Store,31.1,59.99,144.45,299.95,5
B09JG59MGK,Black,US,6/24/2023,649bc37cc7011f3740975f58,120mm,Ingenious Store,31.1,59.99,260.01,539.91,9
B09JG59MGK,Black,US,6/25/2023,649bc37cc7011f3740975f59,120mm,Ingenious Store,31.1,59.99,86.67,179.97,3
B09JG59MGK,Black,CA,3/30/2023,649bc904c7011f3740979d5a,120mm,Ingenious Store,31.1,60.7392,29.6392,60.7392,1
B09JG59MGK,Black,CA,4/3/2023,649bc904c7011f3740979d5e,120mm,Ingenious Store,31.1,60.7392,29.6392,60.7392,1
B09JG59MGK,Black,CA,4/5/2023,649bc904c7011f3740979d60,120mm,Ingenious Store,31.1,60.7392,29.6392,60.7392,1
B09JG59MGK,Black,JP,2/26/2023,649bc45153a4ec2274bc8e4a,120mm,Dracaena Store,31.1,55.993,24.893,55.993,1
B09JG59MGK,Black,JP,2/27/2023,649bc45153a4ec2274bc8e4b,120mm,Dracaena Store,31.1,55.993,24.893,55.993,1
B09JG59MGK,Black,JP,2/1/2023,649bc45153a4ec2274bc8e31,120mm,Dracaena Store,31.1,55.993,74.679,167.979,3
B09JG59MGK,Black,JP,2/5/2023,649bc45153a4ec2274bc8e35,120mm,Dracaena Store,31.1,55.993,24.893,55.993,1
B09JG59MGK,Black,JP,2/17/2023,649bc45153a4ec2274bc8e41,120mm,Dracaena Store,31.1,55.993,24.893,55.993,1
B09JG59MGK,Black,JP,2/18/2023,649bc45153a4ec2274bc8e42,120mm,Dracaena Store,31.1,55.993,24.893,55.993,1
B09JG59MGK,Black,JP,2/20/2023,649bc45153a4ec2274bc8e44,120mm,Dracaena Store,31.1,55.993,24.893,55.993,1
B09JG59MGK,Black,US,3/30/2023,649bca11c7011f374097a9c6,120mm,Ingenious Store,31.1,55.99,124.45,279.95,5
B09JG59MGK,Black,US,3/31/2023,649bca11c7011f374097a9c7,120mm,Ingenious Store,31.1,55.99,273.79,615.89,11
B09JG59MGK,Black,US,4/1/2023,649bca11c7011f374097a9c8,120mm,Ingenious Store,31.1,55.99,199.12,447.92,8
B09JG59MGK,Black,US,4/2/2023,649bca11c7011f374097a9c9,120mm,Ingenious Store,31.1,55.99,224.01,503.91,9
B09JG59MGK,Black,US,4/3/2023,649bca11c7011f374097a9ca,120mm,Ingenious Store,31.1,55.99,572.47,1287.77,23
B09JG59MGK,Black,US,4/4/2023,649bca11c7011f374097a9cb,120mm,Ingenious Store,31.1,55.99,99.56,223.96,4
B09JG59MGK,Black,US,4/5/2023,649bca11c7011f374097a9cc,120mm,Ingenious Store,31.1,55.99,448.02,1007.82,18
B09JG59MGK,Black,US,4/6/2023,649bca11c7011f374097a9cd,120mm,Ingenious Store,31.1,55.99,721.81,1623.71,29
B09JG59MGK,Black,US,4/7/2023,649bca11c7011f374097a9ce,120mm,Ingenious Store,31.1,55.99,199.12,447.92,8
B09JG59MGK,Black,US,4/8/2023,649bca11c7011f374097a9cf,120mm,Ingenious Store,31.1,50.9,217.8,559.9,11
B09JG59MGK,Black,US,4/9/2023,649bca11c7011f374097a9d0,120mm,Ingenious Store,31.1,55.99,373.35,839.85,15
B09JG59MGK,Black,US,4/10/2023,649bca11c7011f374097a9d1,120mm,Ingenious Store,31.1,55.99,547.58,1231.78,22
B09JG59MGK,Black,US,4/11/2023,649bca11c7011f374097a9d2,120mm,Ingenious Store,31.1,55.99,298.68,671.88,12
B09JG59MGK,Black,US,4/12/2023,649bca11c7011f374097a9d3,120mm,Ingenious Store,31.1,55.99,298.68,671.88,12
B09JG59MGK,Black,US,4/13/2023,649bca11c7011f374097a9d4,120mm,Ingenious Store,31.1,56.99,310.68,683.88,12
B09JG59MGK,Black,US,4/14/2023,649bca11c7011f374097a9d5,120mm,Ingenious Store,31.1,56.99,699.03,1538.73,27
B09JG59MGK,Black,US,4/15/2023,649bca11c7011f374097a9d6,120mm,Ingenious Store,31.1,56.99,103.56,227.96,4
B09JG59MGK,Black,US,4/16/2023,649bca11c7011f374097a9d7,120mm,Ingenious Store,31.1,56.99,103.56,227.96,4
B09JG59MGK,Black,US,4/17/2023,649bca11c7011f374097a9d8,120mm,Ingenious Store,31.1,56.99,258.9,569.9,10
B09JG59MGK,Black,US,4/18/2023,649bca11c7011f374097a9d9,120mm,Ingenious Store,31.1,56.99,77.67,170.97,3
B09JG59MGK,Black,US,4/19/2023,649bca11c7011f374097a9da,120mm,Ingenious Store,31.1,48.85,124.25,341.94,7
B09JG59MGK,Black,US,4/20/2023,649bca11c7011f374097a9db,120mm,Ingenious Store,31.1,56.99,336.57,740.87,13
B09JG59MGK,Black,US,4/21/2023,649bca11c7011f374097a9dc,120mm,Ingenious Store,31.1,56.99,103.56,227.96,4
B09JG59MGK,Black,US,4/22/2023,649bca11c7011f374097a9dd,120mm,Ingenious Store,31.1,56.99,103.56,227.96,4
B09JG59MGK,Black,US,4/23/2023,649bca11c7011f374097a9de,120mm,Ingenious Store,31.1,56.99,51.78,113.98,2
B09JG59MGK,Black,US,4/24/2023,649bca11c7011f374097a9df,120mm,Ingenious Store,31.1,56.99,51.78,113.98,2
B09JG59MGK,Black,US,4/25/2023,649bca11c7011f374097a9e0,120mm,Ingenious Store,31.1,56.99,310.68,683.88,12
B09JG59MGK,Black,AU,6/8/2023,649bcb3f53a4ec2274bd1c7c,120mm,Dracaena Store,31.1,62.98,31.88,62.98,1
B09JG59MGK,Black,AU,6/4/2023,649bcb3f53a4ec2274bd1c78,120mm,Dracaena Store,31.1,62.98,31.88,62.98,1
B09JG59MGK,Black,US,2/28/2023,649bcd43c7011f374097cf0a,120mm,Ingenious Store,31.1,54.99,262.79,604.89,11
B09JG59MGK,Black,US,3/1/2023,649bcd43c7011f374097cf0b,120mm,Ingenious Store,31.1,51.32,303.3,769.86,15
B09JG59MGK,Black,US,3/2/2023,649bcd43c7011f374097cf0c,120mm,Ingenious Store,31.1,54.99,262.79,604.89,11
B09JG59MGK,Black,US,3/3/2023,649bcd43c7011f374097cf0d,120mm,Ingenious Store,31.1,54.99,382.24,879.84,16
B09JG59MGK,Black,US,3/4/2023,649bcd43c7011f374097cf0e,120mm,Ingenious Store,31.1,49.49,183.9,494.91,10
B09JG59MGK,Black,US,3/5/2023,649bcd43c7011f374097cf0f,120mm,Ingenious Store,31.1,54.99,215.01,494.91,9
B09JG59MGK,Black,US,3/16/2023,649bcd43c7011f374097cf1a,120mm,Ingenious Store,31.1,55.99,174.23,391.93,7
B09JG59MGK,Black,US,3/17/2023,649bcd43c7011f374097cf1b,120mm,Ingenious Store,31.1,55.99,174.23,391.93,7
B09JG59MGK,Black,US,3/18/2023,649bcd43c7011f374097cf1c,120mm,Ingenious Store,31.1,55.99,74.67,167.97,3
B09JG59MGK,Black,US,3/19/2023,649bcd43c7011f374097cf1d,120mm,Ingenious Store,31.1,55.99,199.12,447.92,8
B09JG59MGK,Black,US,3/20/2023,649bcd43c7011f374097cf1e,120mm,Ingenious Store,31.1,55.99,199.12,447.92,8
B09JG59MGK,Black,US,3/21/2023,649bcd43c7011f374097cf1f,120mm,Ingenious Store,31.1,55.99,248.9,559.9,10
B09JG59MGK,Black,US,3/6/2023,649bcd43c7011f374097cf10,120mm,Ingenious Store,31.1,54.99,262.79,604.89,11
B09JG59MGK,Black,US,3/7/2023,649bcd43c7011f374097cf11,120mm,Ingenious Store,31.1,54.99,238.9,549.9,10
B09JG59MGK,Black,US,3/8/2023,649bcd43c7011f374097cf12,120mm,Ingenious Store,31.1,48.12,136.16,384.93,8
B09JG59MGK,Black,US,3/9/2023,649bcd43c7011f374097cf13,120mm,Ingenious Store,31.1,54.99,215.01,494.91,9
B09JG59MGK,Black,US,3/10/2023,649bcd43c7011f374097cf14,120mm,Ingenious Store,31.1,55.08,527.56,1211.78,22
B09JG59MGK,Black,US,3/11/2023,649bcd43c7011f374097cf15,120mm,Ingenious Store,31.1,56.99,77.67,170.97,3
B09JG59MGK,Black,US,3/12/2023,649bcd43c7011f374097cf16,120mm,Ingenious Store,31.1,56.99,129.45,284.95,5
B09JG59MGK,Black,US,3/13/2023,649bcd43c7011f374097cf17,120mm,Ingenious Store,31.1,56.66,76.68,169.97,3
B09JG59MGK,Black,US,3/14/2023,649bcd43c7011f374097cf18,120mm,Ingenious Store,31.1,55.99,149.34,335.94,6
B09JG59MGK,Black,US,3/15/2023,649bcd43c7011f374097cf19,120mm,Ingenious Store,31.1,55.99,124.45,279.95,5
B09JG59MGK,Black,US,3/22/2023,649bcd43c7011f374097cf20,120mm,Ingenious Store,31.1,48.99,143.12,391.93,8
B09JG59MGK,Black,US,3/23/2023,649bcd43c7011f374097cf21,120mm,Ingenious Store,31.1,55.99,224.01,503.91,9
B09JG59MGK,Black,US,3/24/2023,649bcd43c7011f374097cf22,120mm,Ingenious Store,31.1,55.99,124.45,279.95,5
B09JG59MGK,Black,US,3/25/2023,649bcd43c7011f374097cf23,120mm,Ingenious Store,31.1,55.99,74.67,167.97,3
B09JG59MGK,Black,US,3/26/2023,649bcd43c7011f374097cf24,120mm,Ingenious Store,31.1,55.99,124.45,279.95,5
B09JG59MGK,Black,US,3/27/2023,649bcd43c7011f374097cf25,120mm,Ingenious Store,31.1,55.99,99.56,223.96,4
B09JG59MGK,Black,US,3/28/2023,649bcd43c7011f374097cf26,120mm,Ingenious Store,31.1,55.99,99.56,223.96,4
B09JG59MGK,Black,US,3/29/2023,649bcd43c7011f374097cf27,120mm,Ingenious Store,31.1,55.99,323.57,727.87,13
B09JG59MGK,Black,US,1/13/2023,649bd3b1c7011f37409819a0,120mm,Ingenious Store,31.1,54.99,262.79,604.89,11
B09JG59MGK,Black,US,1/14/2023,649bd3b1c7011f37409819a1,120mm,Ingenious Store,31.1,54.99,238.9,549.9,10
B09JG59MGK,Black,US,1/15/2023,649bd3b1c7011f37409819a2,120mm,Ingenious Store,31.1,54.99,95.56,219.96,4
B09JG59MGK,Black,US,1/16/2023,649bd3b1c7011f37409819a3,120mm,Ingenious Store,31.1,54.99,310.57,714.87,13
B09JG59MGK,Black,US,1/17/2023,649bd3b1c7011f37409819a4,120mm,Ingenious Store,31.1,54.99,191.12,439.92,8
B09JG59MGK,Black,US,1/18/2023,649bd3b1c7011f37409819a5,120mm,Ingenious Store,31.1,54.99,143.34,329.94,6
B09JG59MGK,Black,US,1/19/2023,649bd3b1c7011f37409819a6,120mm,Ingenious Store,31.1,54.99,191.12,439.92,8
B09JG59MGK,Black,US,1/20/2023,649bd3b1c7011f37409819a7,120mm,Ingenious Store,31.1,56.42,177.24,394.93,7
B09JG59MGK,Black,US,1/21/2023,649bd3b1c7011f37409819a8,120mm,Ingenious Store,31.1,55.99,24.89,55.99,1
B09JG59MGK,Black,US,1/22/2023,649bd3b1c7011f37409819a9,120mm,Ingenious Store,31.1,55.99,174.23,391.93,7
B09JG59MGK,Black,US,1/24/2023,649bd3b1c7011f37409819ab,120mm,Ingenious Store,31.1,55.99,74.67,167.97,3
B09JG59MGK,Black,US,1/25/2023,649bd3b1c7011f37409819ac,120mm,Ingenious Store,31.1,55.99,273.79,615.89,11
B09JG59MGK,Black,US,1/26/2023,649bd3b1c7011f37409819ad,120mm,Ingenious Store,31.1,55.99,199.12,447.92,8
B09JG59MGK,Black,US,1/27/2023,649bd3b1c7011f37409819ae,120mm,Ingenious Store,31.1,58.99,83.67,176.97,3
B09JG59MGK,Black,US,1/7/2023,649bd3b1c7011f374098199a,120mm,Ingenious Store,31.1,56.99,181.23,398.93,7
B09JG59MGK,Black,US,1/8/2023,649bd3b1c7011f374098199b,120mm,Ingenious Store,31.1,56.99,155.34,341.94,6
B09JG59MGK,Black,US,1/9/2023,649bd3b1c7011f374098199c,120mm,Ingenious Store,31.1,56.99,129.45,284.95,5
B09JG59MGK,Black,US,1/10/2023,649bd3b1c7011f374098199d,120mm,Ingenious Store,31.1,58.99,27.89,58.99,1
B09JG59MGK,Black,US,1/11/2023,649bd3b1c7011f374098199e,120mm,Ingenious Store,31.1,39.33,24.69,117.98,3
B09JG59MGK,Black,US,1/12/2023,649bd3b1c7011f374098199f,120mm,Ingenious Store,31.1,54.99,143.34,329.94,6
B09JG59MGK,Black,US,12/30/2022,649bd3b1c7011f3740981992,120mm,Ingenious Store,31.1,56.99,181.23,398.93,7
B09JG59MGK,Black,US,12/31/2022,649bd3b1c7011f3740981993,120mm,Ingenious Store,31.1,56.99,129.45,284.95,5
B09JG59MGK,Black,US,1/1/2023,649bd3b1c7011f3740981994,120mm,Ingenious Store,31.1,56.99,129.45,284.95,5
B09JG59MGK,Black,US,1/2/2023,649bd3b1c7011f3740981995,120mm,Ingenious Store,31.1,56.99,284.79,626.89,11
B09JG59MGK,Black,US,1/3/2023,649bd3b1c7011f3740981996,120mm,Ingenious Store,31.1,56.99,258.9,569.9,10
B09JG59MGK,Black,US,1/4/2023,649bd3b1c7011f3740981997,120mm,Ingenious Store,31.1,56.99,129.45,284.95,5
B09JG59MGK,Black,US,1/5/2023,649bd3b1c7011f3740981998,120mm,Ingenious Store,31.1,56.99,310.68,683.88,12
B09JG59MGK,Black,US,1/6/2023,649bd3b1c7011f3740981999,120mm,Ingenious Store,31.1,56.99,181.23,398.93,7
B09JG59MGK,Black,US,1/29/2023,649bd070c7011f374097f44e,120mm,Ingenious Store,31.1,55.99,49.78,111.98,2
B09JG59MGK,Black,US,1/30/2023,649bd070c7011f374097f44f,120mm,Ingenious Store,31.1,55.99,24.89,55.99,1
B09JG59MGK,Black,US,2/10/2023,649bd070c7011f374097f45a,120mm,Ingenious Store,31.1,52.99,175.12,423.92,8
B09JG59MGK,Black,US,2/11/2023,649bd070c7011f374097f45b,120mm,Ingenious Store,31.1,52.99,197.01,476.91,9
B09JG59MGK,Black,US,2/12/2023,649bd070c7011f374097f45c,120mm,Ingenious Store,31.1,44.16,78.36,264.95,6
B09JG59MGK,Black,US,2/13/2023,649bd070c7011f374097f45d,120mm,Ingenious Store,31.1,50.14,152.32,401.12,8
B09JG59MGK,Black,US,2/14/2023,649bd070c7011f374097f45e,120mm,Ingenious Store,31.1,50.14,133.28,350.98,7
B09JG59MGK,Black,US,2/15/2023,649bd070c7011f374097f45f,120mm,Ingenious Store,31.1,50.14,133.28,350.98,7
B09JG59MGK,Black,US,2/26/2023,649bd070c7011f374097f46a,120mm,Ingenious Store,31.1,54.99,191.12,439.92,8
B09JG59MGK,Black,US,2/27/2023,649bd070c7011f374097f46b,120mm,Ingenious Store,31.1,54.99,191.12,439.92,8
B09JG59MGK,Black,US,1/31/2023,649bd070c7011f374097f450,120mm,Ingenious Store,31.1,55.21,216.99,496.91,9
B09JG59MGK,Black,US,2/1/2023,649bd070c7011f374097f451,120mm,Ingenious Store,31.1,54.99,71.67,164.97,3
B09JG59MGK,Black,US,2/2/2023,649bd070c7011f374097f452,120mm,Ingenious Store,31.1,54.32,69.66,162.97,3
B09JG59MGK,Black,US,2/3/2023,649bd070c7011f374097f453,120mm,Ingenious Store,31.1,52.99,65.67,158.97,3
B09JG59MGK,Black,US,2/4/2023,649bd070c7011f374097f454,120mm,Ingenious Store,31.1,52.99,87.56,211.96,4
B09JG59MGK,Black,US,2/5/2023,649bd070c7011f374097f455,120mm,Ingenious Store,31.1,52.99,43.78,105.98,2
B09JG59MGK,Black,US,2/6/2023,649bd070c7011f374097f456,120mm,Ingenious Store,31.1,52.99,350.24,847.84,16
B09JG59MGK,Black,US,2/7/2023,649bd070c7011f374097f457,120mm,Ingenious Store,31.1,52.99,131.34,317.94,6
B09JG59MGK,Black,US,2/8/2023,649bd070c7011f374097f458,120mm,Ingenious Store,31.1,52.99,218.9,529.9,10
B09JG59MGK,Black,US,2/9/2023,649bd070c7011f374097f459,120mm,Ingenious Store,31.1,52.99,350.24,847.84,16
B09JG59MGK,Black,US,2/16/2023,649bd070c7011f374097f460,120mm,Ingenious Store,31.1,50.14,133.28,350.98,7
B09JG59MGK,Black,US,2/17/2023,649bd070c7011f374097f461,120mm,Ingenious Store,31.1,50.14,152.32,401.12,8
B09JG59MGK,Black,US,2/18/2023,649bd070c7011f374097f462,120mm,Ingenious Store,31.1,50.14,247.52,651.82,13
B09JG59MGK,Black,US,2/19/2023,649bd070c7011f374097f463,120mm,Ingenious Store,31.1,50.14,171.36,451.26,9
B09JG59MGK,Black,US,2/20/2023,649bd070c7011f374097f464,120mm,Ingenious Store,31.1,54.3,162.4,380.08,7
B09JG59MGK,Black,US,2/21/2023,649bd070c7011f374097f465,120mm,Ingenious Store,31.1,54.99,143.34,329.94,6
B09JG59MGK,Black,US,2/22/2023,649bd070c7011f374097f466,120mm,Ingenious Store,31.1,54.99,167.23,384.93,7
B09JG59MGK,Black,US,2/23/2023,649bd070c7011f374097f467,120mm,Ingenious Store,31.1,54.99,262.79,604.89,11
B09JG59MGK,Black,US,2/24/2023,649bd070c7011f374097f468,120mm,Ingenious Store,31.1,54.99,262.79,604.89,11
B09JG59MGK,Black,US,2/25/2023,649bd070c7011f374097f469,120mm,Ingenious Store,31.1,54.99,119.45,274.95,5
B09JG59MGK,Black,AU,5/9/2023,649bd12553a4ec2274bd8bd0,120mm,Dracaena Store,31.1,63.3083,32.2083,63.3083,1
B09JG59MGK,Black,CA,5/6/2023,649bd47953a4ec2274bdd9f7,120mm,Dracaena Store,31.1,58.5124,27.4124,58.5124,1
B09JG59MGK,Black,CA,5/27/2023,649bd47953a4ec2274bdda0c,120mm,Dracaena Store,31.1,58.52,27.42,58.52,1
B09JG59MGK,Black,US,10/15/2022,6410eda71bb907e3938fad32,120mm,Dracaena Store,31.1,52,104.5,260,5
B09JG59MGK,Black,GB,10/21/2022,6411b2f61bb907e3939c0f9c,120mm,Dracaena Store,31.1,66.04,34.94,66.04,1
B09JG59MGK,Black,GB,10/17/2022,6411b2f61bb907e3939c0f98,120mm,Dracaena Store,31.1,66.04,34.94,66.04,1
B09JG59MGK,Black,DE,10/24/2022,6411b8f21bb907e3939c5b17,120mm,Dracaena Store,31.1,61.0509,29.9509,61.0509,1
B09JG59MGK,Black,DE,10/25/2022,6411b8f21bb907e3939c5b18,120mm,Dracaena Store,31.1,61.0509,29.9509,61.0509,1
B09JG59MGK,Black,US,10/16/2022,6412a9421bb907e393aa90ca,120mm,Dracaena Store,31.1,52,104.5,260,5
B09JG59MGK,Black,US,10/18/2022,6414d52c1bb907e393bfdd4a,120mm,Dracaena Store,31.1,52,229.9,572,11
B09JG59MGK,Black,US,10/28/2022,6421c1f48c830bbda399dc81,120mm,Dracaena Store,31.1,52,146.3,364,7
B09JG59MGK,Black,US,10/30/2022,6424fe668c830bbda3da0095,120mm,Dracaena Store,31.1,52,83.6,208,4
B09JG59MGK,Black,US,10/31/2022,6425fee68c830bbda3ec4967,120mm,Dracaena Store,31.1,52,83.6,208,4
B09JG59MGK,Black,US,11/10/2022,6432c9c92573fba749dae07e,120mm,Dracaena Store,31.1,54.99,167.23,384.93,7
B09JG59MGK,Black,US,11/11/2022,6434deea334b3086adf51f18,120mm,Dracaena Store,31.1,54.99,191.12,439.92,8
B09JG59MGK,Black,US,11/16/2022,6435da9a334b3086ad027a4a,120mm,Dracaena Store,31.1,54.24,92.56,216.97,4
B09JG59MGK,Black,US,11/17/2022,6435da9a334b3086ad027a4b,120mm,Dracaena Store,31.1,54.99,167.23,384.93,7
B09JG59MGK,Black,US,11/18/2022,6435da9a334b3086ad027a4c,120mm,Dracaena Store,31.1,54.25,185.2,434,8
B09JG59MGK,Black,US,11/12/2022,6435da9a334b3086ad027a46,120mm,Dracaena Store,31.1,54.99,95.56,219.96,4
B09JG59MGK,Black,US,11/13/2022,6435da9a334b3086ad027a47,120mm,Dracaena Store,31.1,54.99,95.56,219.96,4
B09JG59MGK,Black,US,11/14/2022,6435da9a334b3086ad027a48,120mm,Dracaena Store,31.1,54.66,212.04,491.92,9
B09JG59MGK,Black,US,11/15/2022,6435da9a334b3086ad027a49,120mm,Dracaena Store,31.1,54.99,47.78,109.98,2
B09JG59MGK,Black,MX,11/18/2022,6436a7de334b3086ad0b3a73,120mm,Dracaena Store,31.1,51.04,19.94,51.04,1
B09JG59MGK,Black,CA,11/16/2022,6436b832334b3086ad0b9075,120mm,Dracaena Store,31.1,52.44,21.34,52.44,1
B09JG59MGK,Black,IT,4/15/2023,6440a240c0c3edd418f77d7e,120mm,Dracaena Store,31.1,62.1191,31.0191,62.1191,1
B09JG59MGK,Black,BE,3/23/2023,6440aac7c0c3edd418f834eb,120mm,Dracaena Store,31.1,55.149,24.049,55.149,1
B09JG59MGK,Black,GB,2/19/2023,6440ce79c0c3edd418fadcb7,120mm,Dracaena Store,31.1,65.3923,34.2923,65.3923,1
B09JG59MGK,Black,GB,2/21/2023,6440ce79c0c3edd418fadcb9,120mm,Dracaena Store,31.1,65.3923,34.2923,65.3923,1
B09JG59MGK,Black,GB,2/25/2023,6440ce79c0c3edd418fadcbd,120mm,Dracaena Store,31.1,67.0306,71.8612,134.0612,2
B09JG59MGK,Black,GB,2/26/2023,6440ce79c0c3edd418fadcbe,120mm,Dracaena Store,31.1,67.0306,35.9306,67.0306,1
B09JG59MGK,Black,GB,3/2/2023,6440ce79c0c3edd418fadcc2,120mm,Dracaena Store,31.1,58.8518,55.5036,117.7036,2
B09JG59MGK,Black,GB,3/3/2023,6440ce79c0c3edd418fadcc3,120mm,Dracaena Store,31.1,52.3113,21.2113,52.3113,1
B09JG59MGK,Black,GB,3/7/2023,6440ce79c0c3edd418fadcc7,120mm,Dracaena Store,31.1,67.0306,35.9306,67.0306,1
B09JG59MGK,Black,GB,3/8/2023,6440ce79c0c3edd418fadcc8,120mm,Dracaena Store,31.1,65.3923,34.2923,65.3923,1
B09JG59MGK,Black,GB,3/13/2023,6440ce79c0c3edd418fadccd,120mm,Dracaena Store,31.1,65.3923,34.2923,65.3923,1
B09JG59MGK,Black,DE,3/15/2023,6440d672c0c3edd418fb77f7,120mm,Dracaena Store,31.1,61.5414,30.4414,61.5414,1
B09JG59MGK,Black,MX,4/18/2023,6441d24ec0c3edd4180cf44e,120mm,Dracaena Store,31.1,57.942,26.842,57.942,1
B09JG59MGK,Black,GB,12/28/2022,6441e5a7c0c3edd4180e410a,120mm,Dracaena Store,31.1,64.7573,67.3146,129.5146,2
B09JG59MGK,Black,GB,12/29/2022,6441e5a7c0c3edd4180e410b,120mm,Dracaena Store,31.1,64.7573,33.6573,64.7573,1
B09JG59MGK,Black,GB,12/30/2022,6441e5a7c0c3edd4180e410c,120mm,Dracaena Store,31.1,65.3923,34.2923,65.3923,1
B09JG59MGK,Black,GB,1/14/2023,6441e5a7c0c3edd4180e411b,120mm,Dracaena Store,31.1,65.3923,68.5846,130.7846,2
B09JG59MGK,Black,GB,1/18/2023,6441e5a7c0c3edd4180e411f,120mm,Dracaena Store,31.1,65.3923,34.2923,65.3923,1
B09JG59MGK,Black,GB,12/23/2022,6441e5a7c0c3edd4180e4105,120mm,Dracaena Store,31.1,63.8937,32.7937,63.8937,1
B09JG59MGK,Black,GB,12/27/2022,6441e5a7c0c3edd4180e4109,120mm,Dracaena Store,31.1,65.3923,34.2923,65.3923,1
B09JG59MGK,Black,GB,1/8/2023,6441e5a7c0c3edd4180e4115,120mm,Dracaena Store,31.1,65.3923,34.2923,65.3923,1
B09JG59MGK,Black,GB,1/9/2023,6441e5a7c0c3edd4180e4116,120mm,Dracaena Store,31.1,65.3923,34.2923,65.3923,1
B09JG59MGK,Black,GB,1/10/2023,6441e5a7c0c3edd4180e4117,120mm,Dracaena Store,31.1,65.3923,34.2923,65.3923,1
B09JG59MGK,Black,DE,12/26/2022,6441edb6c0c3edd4180ecfe2,120mm,Dracaena Store,31.1,61.0291,29.9291,61.0291,1
B09JG59MGK,Black,US,3/28/2023,6441f6a5c0c3edd4180f86ef,120mm,Dracaena Store,31.1,52,20.9,52,1
B09JG59MGK,Black,US,4/11/2023,6441f6a5c0c3edd4180f86fd,120mm,Dracaena Store,31.1,52,20.9,52,1
B09JG59MGK,Black,CA,10/21/2022,64171e941bb907e393d65445,120mm,Dracaena Store,31.1,52.44,21.34,52.44,1
B09JG59MGK,Black,CA,10/22/2022,64171e941bb907e393d65446,120mm,Dracaena Store,31.1,52.44,21.34,52.44,1
B09JG59MGK,Black,CA,10/23/2022,64171e941bb907e393d65447,120mm,Dracaena Store,31.1,52.44,21.34,52.44,1
B09JG59MGK,Black,CA,10/25/2022,64171e941bb907e393d65449,120mm,Dracaena Store,31.1,52.44,21.34,52.44,1
B09JG59MGK,Black,US,10/20/2022,64172e821bb907e393d715be,120mm,Dracaena Store,31.1,52,146.3,364,7
B09JG59MGK,Black,US,10/21/2022,64172e821bb907e393d715bf,120mm,Dracaena Store,31.1,52,62.7,156,3
B09JG59MGK,Black,US,10/22/2022,64172e821bb907e393d715c0,120mm,Dracaena Store,31.1,52,125.4,312,6
B09JG59MGK,Black,US,10/23/2022,64172e821bb907e393d715c1,120mm,Dracaena Store,31.1,52,83.6,208,4
B09JG59MGK,Black,US,10/24/2022,64172e821bb907e393d715c2,120mm,Dracaena Store,31.1,52,167.2,416,8
B09JG59MGK,Black,US,10/25/2022,64172e821bb907e393d715c3,120mm,Dracaena Store,31.1,52,62.7,156,3
B09JG59MGK,Black,US,10/26/2022,64172e821bb907e393d715c4,120mm,Dracaena Store,31.1,52,104.5,260,5
B09JG59MGK,Black,US,10/27/2022,64172e821bb907e393d715c5,120mm,Dracaena Store,31.1,52,167.2,416,8
B09JG59MGK,Black,US,11/9/2022,64320ad32573fba749c9370c,120mm,Dracaena Store,31.1,54.99,143.34,329.94,6
B09JG59MGK,Black,DE,11/12/2022,64325c842573fba749d0b47b,120mm,Dracaena Store,31.1,61.5632,30.4632,61.5632,1
B09JG59MGK,Black,DE,11/10/2022,64325c842573fba749d0b479,120mm,Dracaena Store,31.1,61.0509,29.9509,61.0509,1
B09JG59MGK,Black,DE,11/18/2022,64325c842573fba749d0b481,120mm,Dracaena Store,31.1,61.0509,29.9509,61.0509,1
B09JG59MGK,Black,IT,11/20/2022,64403a81c0c3edd418f07c6e,120mm,Dracaena Store,31.1,62.13,31.03,62.13,1
B09JG59MGK,Black,JP,11/20/2022,64403feec0c3edd418f0f233,120mm,Dracaena Store,31.1,46.186,15.086,46.186,1
B09JG59MGK,Black,US,11/20/2022,64404cfac0c3edd418f1b58d,120mm,Dracaena Store,31.1,55,143.4,330,6
B09JG59MGK,Black,DE,4/1/2023,64407f3ec0c3edd418f50a5e,120mm,Dracaena Store,31.1,54.4891,23.3891,54.4891,1
B09JG59MGK,Black,DE,4/14/2023,64407f3ec0c3edd418f50a6b,120mm,Dracaena Store,31.1,54.4891,23.3891,54.4891,1
B09JG59MGK,Black,DE,4/16/2023,64407f3ec0c3edd418f50a6d,120mm,Dracaena Store,31.1,54.4891,23.3891,54.4891,1
B09JG59MGK,Black,DE,4/17/2023,64407f3ec0c3edd418f50a6e,120mm,Dracaena Store,31.1,55.8625,24.7625,55.8625,1
B09JG59MGK,Black,DE,4/12/2023,64407f3ec0c3edd418f50a69,120mm,Dracaena Store,31.1,54.4891,46.7782,108.9782,2
B09JG59MGK,Black,DE,4/19/2023,64407f3ec0c3edd418f50a70,120mm,Dracaena Store,31.1,54.4891,23.3891,54.4891,1
B09JG59MGK,Black,MX,12/19/2022,64415f94c0c3edd41804e719,120mm,Dracaena Store,31.1,75.342,44.242,75.342,1
B09JG59MGK,Black,CA,11/23/2022,64416c5cc0c3edd41805e1c7,120mm,Dracaena Store,31.1,52.44,21.34,52.44,1
B09JG59MGK,Black,CA,11/25/2022,64416c5cc0c3edd41805e1c9,120mm,Dracaena Store,31.1,42.5524,11.4524,42.5524,1
B09JG59MGK,Black,CA,11/27/2022,64416c5cc0c3edd41805e1cb,120mm,Dracaena Store,31.1,42.5524,45.8096,170.2096,4
B09JG59MGK,Black,CA,11/28/2022,64416c5cc0c3edd41805e1cc,120mm,Dracaena Store,31.1,52.44,64.02,157.32,3
B09JG59MGK,Black,CA,12/4/2022,64416c5cc0c3edd41805e1d2,120mm,Dracaena Store,31.1,52.44,21.34,52.44,1
B09JG59MGK,Black,CA,12/8/2022,64416c5cc0c3edd41805e1d6,120mm,Dracaena Store,31.1,52.44,21.34,52.44,1
B09JG59MGK,Black,CA,12/9/2022,64416c5cc0c3edd41805e1d7,120mm,Dracaena Store,31.1,52.44,42.68,104.88,2
B09JG59MGK,Black,CA,12/11/2022,64416c5cc0c3edd41805e1d9,120mm,Dracaena Store,31.1,52.44,42.68,104.88,2
B09JG59MGK,Black,CA,12/12/2022,64416c5cc0c3edd41805e1da,120mm,Dracaena Store,31.1,52.44,64.02,157.32,3
B09JG59MGK,Black,CA,12/13/2022,64416c5cc0c3edd41805e1db,120mm,Dracaena Store,31.1,58.5124,27.4124,58.5124,1
B09JG59MGK,Black,CA,12/15/2022,64416c5cc0c3edd41805e1dd,120mm,Dracaena Store,31.1,58.5124,27.4124,58.5124,1
B09JG59MGK,Black,CA,12/16/2022,64416c5cc0c3edd41805e1de,120mm,Dracaena Store,31.1,58.5124,27.4124,58.5124,1
B09JG59MGK,Black,CA,12/18/2022,64416c5cc0c3edd41805e1e0,120mm,Dracaena Store,31.1,58.5124,27.4124,58.5124,1
B09JG59MGK,Black,CA,12/19/2022,64416c5cc0c3edd41805e1e1,120mm,Dracaena Store,31.1,58.5124,27.4124,58.5124,1
B09JG59MGK,Black,GB,1/20/2023,64418aaec0c3edd41807ea8d,120mm,Dracaena Store,31.1,65.3923,34.2923,65.3923,1
B09JG59MGK,Black,GB,1/21/2023,64418aaec0c3edd41807ea8e,120mm,Dracaena Store,31.1,59.944,57.688,119.888,2
B09JG59MGK,Black,GB,2/5/2023,64418aaec0c3edd41807ea9d,120mm,Dracaena Store,31.1,65.3923,34.2923,65.3923,1
B09JG59MGK,Black,GB,2/6/2023,64418aaec0c3edd41807ea9e,120mm,Dracaena Store,31.1,65.3923,34.2923,65.3923,1
B09JG59MGK,Black,GB,2/7/2023,64418aaec0c3edd41807ea9f,120mm,Dracaena Store,31.1,65.3923,34.2923,65.3923,1
B09JG59MGK,Black,GB,1/24/2023,64418aaec0c3edd41807ea91,120mm,Dracaena Store,31.1,65.3923,34.2923,65.3923,1
B09JG59MGK,Black,GB,1/25/2023,64418aaec0c3edd41807ea92,120mm,Dracaena Store,31.1,65.3923,34.2923,65.3923,1
B09JG59MGK,Black,GB,1/27/2023,64418aaec0c3edd41807ea94,120mm,Dracaena Store,31.1,65.3923,68.5846,130.7846,2
B09JG59MGK,Black,GB,1/28/2023,64418aaec0c3edd41807ea95,120mm,Dracaena Store,31.1,65.3923,34.2923,65.3923,1
B09JG59MGK,Black,GB,1/30/2023,64418aaec0c3edd41807ea97,120mm,Dracaena Store,31.1,65.3923,34.2923,65.3923,1
B09JG59MGK,Black,GB,1/31/2023,64418aaec0c3edd41807ea98,120mm,Dracaena Store,31.1,65.3923,34.2923,65.3923,1
B09JG59MGK,Black,GB,2/11/2023,64418aaec0c3edd41807eaa3,120mm,Dracaena Store,31.1,65.3923,34.2923,65.3923,1
B09JG59MGK,Black,GB,2/18/2023,64418aaec0c3edd41807eaaa,120mm,Dracaena Store,31.1,65.3923,34.2923,65.3923,1
B09JG59MGK,Black,DE,12/9/2022,64424b22c0c3edd41815b48b,120mm,Dracaena Store,31.1,61.0509,29.9509,61.0509,1
B09JG59MGK,Black,DE,12/12/2022,64424b22c0c3edd41815b48e,120mm,Dracaena Store,31.1,61.0509,29.9509,61.0509,1
B09JG59MGK,Black,DE,12/15/2022,64424b22c0c3edd41815b491,120mm,Dracaena Store,31.1,61.0509,29.9509,61.0509,1
B09JG59MGK,Black,DE,12/16/2022,64424b22c0c3edd41815b492,120mm,Dracaena Store,31.1,61.0509,29.9509,61.0509,1
B09JG59MGK,Black,JP,12/4/2022,64424bb5c0c3edd41815c03d,120mm,Dracaena Store,31.1,67.186,36.086,67.186,1
B09JG59MGK,Black,JP,12/18/2022,64424bb5c0c3edd41815c04b,120mm,Dracaena Store,31.1,55.993,24.893,55.993,1
B09JG59MGK,Black,JP,11/22/2022,64424bb5c0c3edd41815c031,120mm,Dracaena Store,31.1,46.186,15.086,46.186,1
B09JG59MGK,Black,JP,11/23/2022,64424bb5c0c3edd41815c032,120mm,Dracaena Store,31.1,46.186,15.086,46.186,1
B09JG59MGK,Black,JP,11/24/2022,64424bb5c0c3edd41815c033,120mm,Dracaena Store,31.1,46.186,15.086,46.186,1
B09JG59MGK,Black,JP,11/25/2022,64424bb5c0c3edd41815c034,120mm,Dracaena Store,31.1,46.186,15.086,46.186,1
B09JG59MGK,Black,JP,11/27/2022,64424bb5c0c3edd41815c036,120mm,Dracaena Store,31.1,54.586,117.43,272.93,5
B09JG59MGK,Black,JP,11/29/2022,64424bb5c0c3edd41815c038,120mm,Dracaena Store,31.1,67.186,36.086,67.186,1
B09JG59MGK,Black,JP,12/15/2022,64424bb5c0c3edd41815c048,120mm,Dracaena Store,31.1,55.993,24.893,55.993,1
B09JG59MGK,Black,JP,12/16/2022,64424bb5c0c3edd41815c049,120mm,Dracaena Store,31.1,55.993,24.893,55.993,1
B09JG59MGK,Black,US,1/24/2023,64425beec0c3edd4181690ae,120mm,Dracaena Store,31.1,58.99,27.89,58.99,1
B09JG59MGK,Black,US,1/25/2023,64425beec0c3edd4181690af,120mm,Dracaena Store,31.1,52,20.9,52,1
B09JG59MGK,Black,US,12/22/2022,64427bf6dc352d950f443a83,120mm,Ingenious Store,31.1,56.99,258.9,569.9,10
B09JG59MGK,Black,US,12/23/2022,64427bf6dc352d950f443a84,120mm,Ingenious Store,31.1,56.99,233.01,512.91,9
B09JG59MGK,Black,US,12/24/2022,64427bf6dc352d950f443a85,120mm,Ingenious Store,31.1,56.99,129.45,284.95,5
B09JG59MGK,Black,US,12/25/2022,64427bf6dc352d950f443a86,120mm,Ingenious Store,31.1,56.99,233.01,512.91,9
B09JG59MGK,Black,US,12/26/2022,64427bf6dc352d950f443a87,120mm,Ingenious Store,31.1,56.99,362.46,797.86,14
B09JG59MGK,Black,US,12/27/2022,64427bf6dc352d950f443a88,120mm,Ingenious Store,31.1,56.99,336.57,740.87,13
B09JG59MGK,Black,JP,1/25/2023,64427c5ec0c3edd418191627,120mm,Dracaena Store,31.1,55.993,24.893,55.993,1
B09JG59MGK,Black,JP,1/26/2023,64427c5ec0c3edd418191628,120mm,Dracaena Store,31.1,55.993,24.893,55.993,1
B09JG59MGK,Black,US,10/17/2022,641365ec1bb907e393b1f5b8,120mm,Dracaena Store,31.1,47.27,177.87,520,11
B09JG59MGK,Black,US,10/19/2022,641679f71bb907e393d0252e,120mm,Dracaena Store,31.1,52,125.4,312,6
B09JG59MGK,Black,GB,11/3/2022,642279ef8c830bbda3ab520f,120mm,Dracaena Store,31.1,58.42,54.64,116.84,2
B09JG59MGK,Black,GB,11/5/2022,642279ef8c830bbda3ab5211,120mm,Dracaena Store,31.1,58.42,27.32,58.42,1
B09JG59MGK,Black,DE,10/28/2022,642283cb8c830bbda3abf367,120mm,Dracaena Store,31.1,61.0509,29.9509,61.0509,1
B09JG59MGK,Black,JP,11/1/2022,642704d78c830bbda3fe3b27,120mm,Dracaena Store,31.1,53.186,22.086,53.186,1
B09JG59MGK,Black,CA,11/1/2022,642784ce8c830bbda3077223,120mm,Dracaena Store,31.1,52.44,21.34,52.44,1
B09JG59MGK,Black,GB,4/14/2023,644076ecc0c3edd418f4690d,120mm,Dracaena Store,31.1,65.3923,34.2923,65.3923,1
B09JG59MGK,Black,GB,4/18/2023,644076ecc0c3edd418f46911,120mm,Dracaena Store,31.1,65.3923,34.2923,65.3923,1
B09JG59MGK,Black,SE,3/23/2023,644090e4c0c3edd418f63d03,120mm,Dracaena Store,31.1,55.149,24.049,55.149,1
B09JG59MGK,Black,CA,1/21/2023,644243d9c0c3edd41815201d,120mm,Dracaena Store,31.1,58.5124,27.4124,58.5124,1
B09JG59MGK,Black,CA,1/25/2023,644243d9c0c3edd418152021,120mm,Dracaena Store,31.1,58.5124,54.8248,117.0248,2
B09JG59MGK,Black,CA,1/26/2023,644243d9c0c3edd418152022,120mm,Dracaena Store,31.1,58.5124,27.4124,58.5124,1
B09JG59MGK,Black,CA,1/30/2023,644243d9c0c3edd418152026,120mm,Dracaena Store,31.1,58.5124,27.4124,58.5124,1
B09JG59MGK,Black,MX,12/23/2022,644268a1c0c3edd418177b0c,120mm,Dracaena Store,31.1,75.342,44.242,75.342,1
B09JG59MGK,Black,MX,1/12/2023,644268a1c0c3edd418177b20,120mm,Dracaena Store,31.1,75.342,44.242,75.342,1
B09JG59MGK,Black,US,12/28/2022,649967bf95fc0c94f0528bed,120mm,Ingenious Store,31.1,56.99,155.34,341.94,6
B09JG59MGK,Black,US,12/28/2022,6441515fc0c3edd418040064,120mm,Dracaena Store,31.1,52,20.9,52,1
B09JG59MGK,Black,US,12/30/2022,6441515fc0c3edd418040066,120mm,Dracaena Store,31.1,54.99,23.89,54.99,1
B09JG59MGK,Black,CA,3/2/2023,6442112bc0c3edd41811a8cf,120mm,Dracaena Store,31.1,58.5124,27.4124,58.5124,1
B09JG59MGK,Black,US,2/22/2023,6442284ac0c3edd41812efbb,120mm,Dracaena Store,31.1,52,20.9,52,1
B09JG59MGK,Black,US,12/3/2022,6442545fdc352d950f4381fc,120mm,Ingenious Store,31.1,52,41.8,104,2
B09JG59MGK,Black,US,12/4/2022,6442545fdc352d950f4381fd,120mm,Ingenious Store,31.1,52,62.7,156,3
B09JG59MGK,Black,US,12/6/2022,6442545fdc352d950f4381ff,120mm,Ingenious Store,31.1,53.79,226.9,537.9,10
B09JG59MGK,Black,US,12/17/2022,6442545fdc352d950f43820a,120mm,Ingenious Store,31.1,56.99,336.57,740.87,13
B09JG59MGK,Black,US,12/18/2022,6442545fdc352d950f43820b,120mm,Ingenious Store,31.1,56.99,284.79,626.89,11
B09JG59MGK,Black,US,12/19/2022,6442545fdc352d950f43820c,120mm,Ingenious Store,31.1,56.99,362.46,797.86,14
B09JG59MGK,Black,US,12/20/2022,6442545fdc352d950f43820d,120mm,Ingenious Store,31.1,56.99,284.79,626.89,11
B09JG59MGK,Black,US,12/21/2022,6442545fdc352d950f43820e,120mm,Ingenious Store,31.1,51.29,201.9,512.91,10
B09JG59MGK,Black,US,12/7/2022,6442545fdc352d950f438200,120mm,Ingenious Store,31.1,54.99,286.68,659.88,12
B09JG59MGK,Black,US,12/8/2022,6442545fdc352d950f438201,120mm,Ingenious Store,31.1,54.99,191.12,439.92,8
B09JG59MGK,Black,US,12/9/2022,6442545fdc352d950f438202,120mm,Ingenious Store,31.1,54.99,191.12,439.92,8
B09JG59MGK,Black,US,12/10/2022,6442545fdc352d950f438203,120mm,Ingenious Store,31.1,48.37,138.16,386.93,8
B09JG59MGK,Black,US,12/11/2022,6442545fdc352d950f438204,120mm,Ingenious Store,31.1,56.99,336.57,740.87,13
B09JG59MGK,Black,US,12/12/2022,6442545fdc352d950f438205,120mm,Ingenious Store,31.1,56.99,258.9,569.9,10
B09JG59MGK,Black,US,12/13/2022,6442545fdc352d950f438206,120mm,Ingenious Store,31.1,56.99,362.46,797.86,14
B09JG59MGK,Black,US,12/14/2022,6442545fdc352d950f438207,120mm,Ingenious Store,31.1,56.99,233.01,512.91,9
B09JG59MGK,Black,US,12/15/2022,6442545fdc352d950f438208,120mm,Ingenious Store,31.1,56.99,621.36,1367.76,24
B09JG59MGK,Black,US,12/16/2022,6442545fdc352d950f438209,120mm,Ingenious Store,31.1,56.99,207.12,455.92,8
B09JG59MGK,Black,IT,12/17/2022,6442708bc0c3edd418182061,120mm,Dracaena Store,31.1,62.13,62.06,124.26,2
B09JG59MGK,Black,US,11/24/2022,64418465c0c3edd418078b4a,120mm,Dracaena Store,31.1,55,71.7,165,3
B09JG59MGK,Black,US,11/25/2022,64418465c0c3edd418078b4b,120mm,Dracaena Store,31.1,55.99,124.45,279.95,5
B09JG59MGK,Black,US,11/28/2022,64418465c0c3edd418078b4e,120mm,Dracaena Store,31.1,60.99,29.89,60.99,1
B09JG59MGK,Black,US,11/29/2022,64418465c0c3edd418078b4f,120mm,Dracaena Store,31.1,60.99,29.89,60.99,1
B09JG59MGK,Black,US,12/13/2022,64418465c0c3edd418078b5d,120mm,Dracaena Store,31.1,54.99,23.89,54.99,1
B09JG59MGK,Black,US,11/21/2022,64418465c0c3edd418078b47,120mm,Dracaena Store,31.1,55,143.4,330,6
B09JG59MGK,Black,US,11/22/2022,64418465c0c3edd418078b48,120mm,Dracaena Store,31.1,55,71.7,165,3
B09JG59MGK,Black,US,11/23/2022,64418465c0c3edd418078b49,120mm,Dracaena Store,31.1,45.88,118.24,367,8
B09JG59MGK,Black,US,12/8/2022,64418465c0c3edd418078b58,120mm,Dracaena Store,31.1,54.99,23.89,54.99,1
B09JG59MGK,Black,MX,2/26/2023,64420403c0c3edd4181098eb,120mm,Dracaena Store,31.1,75.342,44.242,75.342,1
B09JG59MGK,Black,MX,3/3/2023,64420403c0c3edd4181098f0,120mm,Dracaena Store,31.1,75.342,44.242,75.342,1
B09JG59MGK,Black,MX,2/2/2023,64423692c0c3edd41814111b,120mm,Dracaena Store,31.1,75.342,44.242,75.342,1
B09JG59MGK,Black,GB,11/23/2022,64424255c0c3edd4181502f1,120mm,Dracaena Store,31.1,55.8546,74.2638,167.5638,3
B09JG59MGK,Black,GB,11/24/2022,64424255c0c3edd4181502f2,120mm,Dracaena Store,31.1,55.8546,24.7546,55.8546,1
B09JG59MGK,Black,GB,11/25/2022,64424255c0c3edd4181502f3,120mm,Dracaena Store,31.1,55.8546,24.7546,55.8546,1
B09JG59MGK,Black,GB,12/10/2022,64424255c0c3edd418150302,120mm,Dracaena Store,31.1,65.3923,34.2923,65.3923,1
B09JG59MGK,Black,JP,12/28/2022,64424293c0c3edd41815083b,120mm,Dracaena Store,31.1,55.993,24.893,55.993,1
B09JG59MGK,Black,JP,12/29/2022,64424293c0c3edd41815083c,120mm,Dracaena Store,31.1,55.993,49.786,111.986,2
B09JG59MGK,Black,JP,12/30/2022,64424293c0c3edd41815083d,120mm,Dracaena Store,31.1,55.993,24.893,55.993,1
B09JG59MGK,Black,JP,1/13/2023,64424293c0c3edd41815084b,120mm,Dracaena Store,31.1,55.993,49.786,111.986,2
B09JG59MGK,Black,JP,1/14/2023,64424293c0c3edd41815084c,120mm,Dracaena Store,31.1,55.993,24.893,55.993,1
B09JG59MGK,Black,JP,12/22/2022,64424293c0c3edd418150835,120mm,Dracaena Store,31.1,55.993,24.893,55.993,1
B09JG59MGK,Black,JP,12/23/2022,64424293c0c3edd418150836,120mm,Dracaena Store,31.1,55.993,24.893,55.993,1
B09JG59MGK,Black,JP,12/25/2022,64424293c0c3edd418150838,120mm,Dracaena Store,31.1,55.993,24.893,55.993,1
B09JG59MGK,Black,JP,1/3/2023,64424293c0c3edd418150841,120mm,Dracaena Store,31.1,55.993,24.893,55.993,1
B09JG59MGK,Black,JP,1/9/2023,64424293c0c3edd418150847,120mm,Dracaena Store,31.1,55.993,24.893,55.993,1
B09JG59MGK,Black,JP,1/10/2023,64424293c0c3edd418150848,120mm,Dracaena Store,31.1,55.993,24.893,55.993,1
B09JG59MGK,Black,JP,1/18/2023,64424293c0c3edd418150850,120mm,Dracaena Store,31.1,55.993,24.893,55.993,1
B09JG59MGK,Black,CA,12/22/2022,64427530c0c3edd41818805f,120mm,Dracaena Store,31.1,58.5124,54.8248,117.0248,2
B09JG59MGK,Black,CA,1/6/2023,64427530c0c3edd41818806e,120mm,Dracaena Store,31.1,58.5124,27.4124,58.5124,1
B09JG59MGK,Black,CA,12/25/2022,64427530c0c3edd418188062,120mm,Dracaena Store,31.1,58.5124,27.4124,58.5124,1
B09JG59MGK,Black,CA,12/26/2022,64427530c0c3edd418188063,120mm,Dracaena Store,31.1,58.5124,27.4124,58.5124,1
B09JG59MGK,Black,CA,12/27/2022,64427530c0c3edd418188064,120mm,Dracaena Store,31.1,58.5124,54.8248,117.0248,2
B09JG59MGK,Black,CA,12/28/2022,64427530c0c3edd418188065,120mm,Dracaena Store,31.1,58.5124,27.4124,58.5124,1
B09JG59MGK,Black,CA,12/30/2022,64427530c0c3edd418188067,120mm,Dracaena Store,31.1,58.5124,27.4124,58.5124,1
B09JG59MGK,Black,CA,12/31/2022,64427530c0c3edd418188068,120mm,Dracaena Store,31.1,58.5124,27.4124,58.5124,1
B09JG59MGK,Black,CA,1/8/2023,64427530c0c3edd418188070,120mm,Dracaena Store,31.1,58.5124,27.4124,58.5124,1
B09JG59MGK,Black,CA,1/10/2023,64427530c0c3edd418188072,120mm,Dracaena Store,31.1,58.5124,27.4124,58.5124,1
B09JG59MGK,Black,CA,1/15/2023,64427530c0c3edd418188077,120mm,Dracaena Store,31.1,58.5124,27.4124,58.5124,1
B09JG59MGK,Black,JP,10/29/2022,642317978c830bbda3b72101,120mm,Dracaena Store,31.1,53.186,22.086,53.186,1
B09JG59MGK,Black,US,10/29/2022,642369358c830bbda3bd168d,120mm,Dracaena Store,31.1,52,41.8,104,2
B09JG59MGK,Black,US,11/1/2022,642795168c830bbda308bf89,120mm,Dracaena Store,31.1,52,104.5,260,5
B09JG59MGK,Black,CA,11/2/2022,642864218c830bbda317368b,120mm,Dracaena Store,31.1,52.44,21.34,52.44,1
B09JG59MGK,Black,US,11/2/2022,642874738c830bbda3185a39,120mm,Dracaena Store,31.1,52,146.3,364,7
B09JG59MGK,Black,JP,11/11/2022,64340364334b3086ade682b4,120mm,Dracaena Store,31.1,53.186,22.086,53.186,1
B09JG59MGK,Black,JP,11/16/2022,64340364334b3086ade682b9,120mm,Dracaena Store,31.1,53.186,66.258,159.558,3
B09JG59MGK,Black,GB,11/15/2022,643256742573fba749d0205e,120mm,Dracaena Store,31.1,58.42,27.32,58.42,1
B09JG59MGK,Black,GB,11/10/2022,643256742573fba749d02059,120mm,Dracaena Store,31.1,58.42,54.64,116.84,2
