Order ID,Color,Cost,countryCode,"Month, Day, Year of Date",ASIN,Size,Store,Price,Sales,Units
63d0a0a2dba2fe37f05053f9,Black,41.1,US,"May 28, 2022",B09JG4TTP2,240mmm,Dracaena Store,59.99,179.97,3
63d0a104dba2fe37f0506245,Black,31.1,US,"May 28, 2022",B09JG59MGK,120mm,Dracaena Store,49.99,149.97,3
63d0a104dba2fe37f0506246,Black,31.1,US,"May 29, 2022",B09JG59MGK,120mm,Dracaena Store,49.99,49.99,1
63d0afccdba2fe37f052663a,Black,51,CA,"May 23, 2022",B09JG5X1PY,360mm,Dracaena Store,75.9924,75.9924,1
63d0bdc0dba2fe37f05453dc,Black,41.1,US,"May 3, 2022",B09JG4TTP2,240mmm,Dracaena Store,59.99,59.99,1
63d0bdc0dba2fe37f05453dd,Black,41.1,US,"May 4, 2022",B09JG4TTP2,240mmm,Dracaena Store,59.99,59.99,1
63d0bdc0dba2fe37f05453df,Black,41.1,US,"May 6, 2022",B09JG4TTP2,240mmm,Dracaena Store,59.99,59.99,1
63d0bdc0dba2fe37f05453e8,Black,41.1,US,"May 15, 2022",B09JG4TTP2,240mmm,Dracaena Store,59.99,59.99,1
63d0bdc0dba2fe37f05453eb,Black,41.1,US,"May 18, 2022",B09JG4TTP2,240mmm,Dracaena Store,59.99,59.99,1
63d0bdc0dba2fe37f05453ef,Black,41.1,US,"May 22, 2022",B09JG4TTP2,240mmm,Dracaena Store,59.99,59.99,1
63d0bdc0dba2fe37f05453f0,Black,41.1,US,"May 23, 2022",B09JG4TTP2,240mmm,Dracaena Store,59.99,119.98,2
63d0be22dba2fe37f05461f7,Black,31.1,US,"May 14, 2022",B09JG59MGK,120mm,Dracaena Store,49.99,49.99,1
63d0be22dba2fe37f05461f9,Black,31.1,US,"May 16, 2022",B09JG59MGK,120mm,Dracaena Store,49.99,49.99,1
63d0be22dba2fe37f05461fb,Black,31.1,US,"May 18, 2022",B09JG59MGK,120mm,Dracaena Store,49.99,49.99,1
63d0be22dba2fe37f05461fd,Black,31.1,US,"May 20, 2022",B09JG59MGK,120mm,Dracaena Store,49.99,99.98,2
63d0be22dba2fe37f05461fe,Black,31.1,US,"May 21, 2022",B09JG59MGK,120mm,Dracaena Store,49.99,49.99,1
63d0be22dba2fe37f05461ff,Black,31.1,US,"May 22, 2022",B09JG59MGK,120mm,Dracaena Store,49.99,49.99,1
63d0be22dba2fe37f0546200,Black,31.1,US,"May 23, 2022",B09JG59MGK,120mm,Dracaena Store,49.99,49.99,1
63d0be22dba2fe37f0546203,Black,31.1,US,"May 26, 2022",B09JG59MGK,120mm,Dracaena Store,49.99,149.97,3
63d0be22dba2fe37f0546204,Black,31.1,US,"May 27, 2022",B09JG59MGK,120mm,Dracaena Store,49.99,199.96,4
63d0db35dba2fe37f05850a5,Black,41.1,US,"April 24, 2022",B09JG4TTP2,240mmm,Dracaena Store,59.99,59.99,1
63d0db35dba2fe37f05850a8,Black,41.1,US,"April 27, 2022",B09JG4TTP2,240mmm,Dracaena Store,59.99,59.99,1
63d0db35dba2fe37f058508e,Black,41.1,US,"April 1, 2022",B09JG4TTP2,240mmm,Dracaena Store,68.99,137.98,2
63d0db35dba2fe37f058509c,Black,41.1,US,"April 15, 2022",B09JG4TTP2,240mmm,Dracaena Store,68.99,68.99,1
63d0db35dba2fe37f0585091,Black,41.1,US,"April 4, 2022",B09JG4TTP2,240mmm,Dracaena Store,68.99,68.99,1
63d0db35dba2fe37f0585099,Black,41.1,US,"April 12, 2022",B09JG4TTP2,240mmm,Dracaena Store,68.99,68.99,1
63d0db98dba2fe37f0585e68,Black,31.1,US,"April 7, 2022",B09JG59MGK,120mm,Dracaena Store,49,49,1
63d4b8d7dba2fe37f0b2346b,Black,31.1,US,"June 1, 2022",B09JG59MGK,120mm,Dracaena Store,49.99,99.98,2
63d4b8d7dba2fe37f0b2346c,Black,31.1,US,"June 2, 2022",B09JG59MGK,120mm,Dracaena Store,25,49.99,2
63d4b8d7dba2fe37f0b2346d,Black,31.1,US,"June 3, 2022",B09JG59MGK,120mm,Dracaena Store,49.99,49.99,1
63d4b8d7dba2fe37f0b2346e,Black,31.1,US,"June 4, 2022",B09JG59MGK,120mm,Dracaena Store,49.99,49.99,1
63d4b8d7dba2fe37f0b2347c,Black,31.1,US,"June 18, 2022",B09JG59MGK,120mm,Dracaena Store,51.99,207.96,4
63d4b8d7dba2fe37f0b2347d,Black,31.1,US,"June 19, 2022",B09JG59MGK,120mm,Dracaena Store,51.99,103.98,2
63d4b8d7dba2fe37f0b2347e,Black,31.1,US,"June 20, 2022",B09JG59MGK,120mm,Dracaena Store,51.99,103.98,2
63d4b8d7dba2fe37f0b2347f,Black,31.1,US,"June 21, 2022",B09JG59MGK,120mm,Dracaena Store,51.99,155.97,3
63d4b8d7dba2fe37f0b23470,Black,31.1,US,"June 6, 2022",B09JG59MGK,120mm,Dracaena Store,49.99,49.99,1
63d4b8d7dba2fe37f0b23471,Black,31.1,US,"June 7, 2022",B09JG59MGK,120mm,Dracaena Store,49.99,99.98,2
63d4b8d7dba2fe37f0b23473,Black,31.1,US,"June 9, 2022",B09JG59MGK,120mm,Dracaena Store,49.99,49.99,1
63d4b8d7dba2fe37f0b23474,Black,31.1,US,"June 10, 2022",B09JG59MGK,120mm,Dracaena Store,49.99,99.98,2
63d4b8d7dba2fe37f0b23475,Black,31.1,US,"June 11, 2022",B09JG59MGK,120mm,Dracaena Store,49.99,49.99,1
63d4b8d7dba2fe37f0b23476,Black,31.1,US,"June 12, 2022",B09JG59MGK,120mm,Dracaena Store,49.99,49.99,1
63d4b8d7dba2fe37f0b23477,Black,31.1,US,"June 13, 2022",B09JG59MGK,120mm,Dracaena Store,49.99,99.98,2
63d4b8d7dba2fe37f0b23478,Black,31.1,US,"June 14, 2022",B09JG59MGK,120mm,Dracaena Store,49.99,49.99,1
63d4b8d7dba2fe37f0b23479,Black,31.1,US,"June 15, 2022",B09JG59MGK,120mm,Dracaena Store,49.99,299.94,6
63d4b8d7dba2fe37f0b23480,Black,31.1,US,"June 22, 2022",B09JG59MGK,120mm,Dracaena Store,51.99,103.98,2
63d4b8d7dba2fe37f0b23481,Black,31.1,US,"June 23, 2022",B09JG59MGK,120mm,Dracaena Store,51.99,103.98,2
63d4b8d7dba2fe37f0b23482,Black,31.1,US,"June 24, 2022",B09JG59MGK,120mm,Dracaena Store,51.99,259.95,5
63d4b8d7dba2fe37f0b23483,Black,31.1,US,"June 25, 2022",B09JG59MGK,120mm,Dracaena Store,51.99,155.97,3
63d4b8d7dba2fe37f0b23484,Black,31.1,US,"June 26, 2022",B09JG59MGK,120mm,Dracaena Store,51.99,155.97,3
63d4b8d7dba2fe37f0b23485,Black,31.1,US,"June 27, 2022",B09JG59MGK,120mm,Dracaena Store,51.99,207.96,4
63d4b8d7dba2fe37f0b23486,Black,31.1,US,"June 28, 2022",B09JG59MGK,120mm,Dracaena Store,51.99,103.98,2
63d4b8d7dba2fe37f0b23487,Black,31.1,US,"June 29, 2022",B09JG59MGK,120mm,Dracaena Store,51.99,155.97,3
63d4b8d7dba2fe37f0b23488,Black,31.1,US,"June 30, 2022",B09JG59MGK,120mm,Dracaena Store,51.99,207.96,4
63d4b730dba2fe37f0b2237b,Black,41.1,US,"June 15, 2022",B09JG4TTP2,240mmm,Dracaena Store,56.99,56.99,1
63d4b730dba2fe37f0b2237d,Black,41.1,US,"June 17, 2022",B09JG4TTP2,240mmm,Dracaena Store,56.99,170.97,3
63d4b730dba2fe37f0b2237f,Black,41.1,US,"June 19, 2022",B09JG4TTP2,240mmm,Dracaena Store,69,69,1
63d4b730dba2fe37f0b22372,Black,41.1,US,"June 6, 2022",B09JG4TTP2,240mmm,Dracaena Store,56.99,56.99,1
63d4b730dba2fe37f0b22373,Black,41.1,US,"June 7, 2022",B09JG4TTP2,240mmm,Dracaena Store,56.99,56.99,1
63d4b730dba2fe37f0b22377,Black,41.1,US,"June 11, 2022",B09JG4TTP2,240mmm,Dracaena Store,56.99,113.98,2
63d4b730dba2fe37f0b22378,Black,41.1,US,"June 12, 2022",B09JG4TTP2,240mmm,Dracaena Store,56.99,56.99,1
63d4b730dba2fe37f0b22379,Black,41.1,US,"June 13, 2022",B09JG4TTP2,240mmm,Dracaena Store,56.99,170.97,3
63d4b730dba2fe37f0b22381,Black,41.1,US,"June 21, 2022",B09JG4TTP2,240mmm,Dracaena Store,69,69,1
63d4b730dba2fe37f0b22386,Black,41.1,US,"June 26, 2022",B09JG4TTP2,240mmm,Dracaena Store,69,69,1
63d4b730dba2fe37f0b22388,Black,41.1,US,"June 28, 2022",B09JG4TTP2,240mmm,Dracaena Store,69,69,1
63d4b741dba2fe37f0b223aa,Black,51,US,"June 2, 2022",B09JG5X1PY,360mm,Dracaena Store,86.99,86.99,1
63d4b741dba2fe37f0b223bf,Black,51,US,"June 23, 2022",B09JG5X1PY,360mm,Dracaena Store,86.99,86.99,1
63d4b741dba2fe37f0b223c5,Black,51,US,"June 29, 2022",B09JG5X1PY,360mm,Dracaena Store,86.99,86.99,1
63d7aca2e561b5a4b697f4d2,Black,31.1,JP,"September 2, 2022",B09JG59MGK,120mm,Dracaena Store,55.993,111.986,2
63d8b4a115f0dd999069e679,Black,31.1,JP,"September 3, 2022",B09JG59MGK,120mm,Dracaena Store,55.993,55.993,1
63d06ab4dba2fe37f0494dbd,Black,31.1,GB,"June 29, 2022",B09JG59MGK,120mm,Dracaena Store,66.0273,66.0273,1
63d06fd7dba2fe37f04a034b,Black,31.1,DE,"July 7, 2022",B09JG59MGK,120mm,Dracaena Store,56.6691,56.6691,1
63d06fd7dba2fe37f04a035d,Black,31.1,DE,"July 25, 2022",B09JG59MGK,120mm,Dracaena Store,56.6691,56.6691,1
63d45d98dba2fe37f0abbc8f,Black,31.1,CA,"July 31, 2022",B09JG59MGK,120mm,Dracaena Store,52.44,52.44,1
63d45d98dba2fe37f0abbc92,Black,31.1,CA,"August 3, 2022",B09JG59MGK,120mm,Dracaena Store,52.44,52.44,1
63d46a31dba2fe37f0acbdea,Black,31.1,JP,"June 5, 2022",B09JG59MGK,120mm,Dracaena Store,39.893,39.893,1
63d46a31dba2fe37f0acbded,Black,31.1,JP,"June 8, 2022",B09JG59MGK,120mm,Dracaena Store,39.893,39.893,1
63d46a31dba2fe37f0acbdf2,Black,31.1,JP,"June 13, 2022",B09JG59MGK,120mm,Dracaena Store,39.893,39.893,1
63d46c2adba2fe37f0ace74c,Black,51,US,"August 7, 2022",B09JG5X1PY,360mm,Dracaena Store,86,86,1
63d46c2adba2fe37f0ace75e,Black,51,US,"August 25, 2022",B09JG5X1PY,360mm,Dracaena Store,86,86,1
63d46c2adba2fe37f0ace747,Black,51,US,"August 2, 2022",B09JG5X1PY,360mm,Dracaena Store,86,86,1
63d46c2adba2fe37f0ace760,Black,51,US,"August 27, 2022",B09JG5X1PY,360mm,Dracaena Store,86,86,1
63d46c8edba2fe37f0acef7e,Black,31.1,US,"August 5, 2022",B09JG59MGK,120mm,Dracaena Store,52,52,1
63d46c8edba2fe37f0acef79,Black,31.1,US,"July 31, 2022",B09JG59MGK,120mm,Dracaena Store,52,52,1
63d46c8edba2fe37f0acef85,Black,31.1,US,"August 12, 2022",B09JG59MGK,120mm,Dracaena Store,52,52,1
63d46c8edba2fe37f0acef86,Black,31.1,US,"August 13, 2022",B09JG59MGK,120mm,Dracaena Store,52,52,1
63d46f88dba2fe37f0ad2b8a,Black,31.1,JP,"May 20, 2022",B09JG59MGK,120mm,Dracaena Store,39.893,39.893,1
63d46f88dba2fe37f0ad2b8c,Black,31.1,JP,"May 22, 2022",B09JG59MGK,120mm,Dracaena Store,39.893,39.893,1
63d46f88dba2fe37f0ad2b83,Black,31.1,JP,"May 13, 2022",B09JG59MGK,120mm,Dracaena Store,39.893,119.679,3
63d46f88dba2fe37f0ad2b85,Black,31.1,JP,"May 15, 2022",B09JG59MGK,120mm,Dracaena Store,39.893,39.893,1
63d46f88dba2fe37f0ad2b86,Black,31.1,JP,"May 16, 2022",B09JG59MGK,120mm,Dracaena Store,39.893,39.893,1
63d46f88dba2fe37f0ad2b88,Black,31.1,JP,"May 18, 2022",B09JG59MGK,120mm,Dracaena Store,39.893,39.893,1
63d46f88dba2fe37f0ad2b96,Black,31.1,JP,"June 1, 2022",B09JG59MGK,120mm,Dracaena Store,39.893,79.786,2
63d47c29dba2fe37f0ae2ad3,Black,31.1,CA,"July 1, 2022",B09JG59MGK,120mm,Dracaena Store,52.3488,52.3488,1
63d47c29dba2fe37f0ae2ade,Black,31.1,CA,"July 12, 2022",B09JG59MGK,120mm,Dracaena Store,49.02,49.02,1
63d47c29dba2fe37f0ae2adf,Black,31.1,CA,"July 13, 2022",B09JG59MGK,120mm,Dracaena Store,49.02,147.06,3
63d48b40dba2fe37f0af53b9,Black,41.1,US,"July 17, 2022",B09JG4TTP2,240mmm,Dracaena Store,69,69,1
63d48b44dba2fe37f0af540b,Black,51,US,"July 9, 2022",B09JG5X1PY,360mm,Dracaena Store,86.99,86.99,1
63d48b44dba2fe37f0af541e,Black,51,US,"July 28, 2022",B09JG5X1PY,360mm,Dracaena Store,86,86,1
63d48b44dba2fe37f0af5406,Black,51,US,"July 4, 2022",B09JG5X1PY,360mm,Dracaena Store,86.99,86.99,1
63d48b44dba2fe37f0af5417,Black,51,US,"July 21, 2022",B09JG5X1PY,360mm,Dracaena Store,86,86,1
63d48ba8dba2fe37f0af5c1a,Black,31.1,US,"July 2, 2022",B09JG59MGK,120mm,Dracaena Store,51.99,51.99,1
63d48ba8dba2fe37f0af5c1b,Black,31.1,US,"July 3, 2022",B09JG59MGK,120mm,Dracaena Store,51.99,51.99,1
63d48ba8dba2fe37f0af5c1c,Black,31.1,US,"July 4, 2022",B09JG59MGK,120mm,Dracaena Store,51.99,103.98,2
63d48ba8dba2fe37f0af5c1d,Black,31.1,US,"July 5, 2022",B09JG59MGK,120mm,Dracaena Store,51.99,103.98,2
63d48ba8dba2fe37f0af5c1e,Black,31.1,US,"July 6, 2022",B09JG59MGK,120mm,Dracaena Store,51.99,155.97,3
63d48ba8dba2fe37f0af5c1f,Black,31.1,US,"July 7, 2022",B09JG59MGK,120mm,Dracaena Store,51.99,103.98,2
63d48ba8dba2fe37f0af5c2a,Black,31.1,US,"July 18, 2022",B09JG59MGK,120mm,Dracaena Store,52,52,1
63d48ba8dba2fe37f0af5c2c,Black,31.1,US,"July 20, 2022",B09JG59MGK,120mm,Dracaena Store,52,208,4
63d48ba8dba2fe37f0af5c2d,Black,31.1,US,"July 21, 2022",B09JG59MGK,120mm,Dracaena Store,52,52,1
63d48ba8dba2fe37f0af5c19,Black,31.1,US,"July 1, 2022",B09JG59MGK,120mm,Dracaena Store,51.99,207.96,4
63d48ba8dba2fe37f0af5c20,Black,31.1,US,"July 8, 2022",B09JG59MGK,120mm,Dracaena Store,51.99,51.99,1
63d48ba8dba2fe37f0af5c21,Black,31.1,US,"July 9, 2022",B09JG59MGK,120mm,Dracaena Store,26,51.99,2
63d48ba8dba2fe37f0af5c23,Black,31.1,US,"July 11, 2022",B09JG59MGK,120mm,Dracaena Store,63,126,2
63d48ba8dba2fe37f0af5c24,Black,31.1,US,"July 12, 2022",B09JG59MGK,120mm,Dracaena Store,47.25,236.25,5
63d48ba8dba2fe37f0af5c25,Black,31.1,US,"July 13, 2022",B09JG59MGK,120mm,Dracaena Store,47.25,567,12
63d48ba8dba2fe37f0af5c27,Black,31.1,US,"July 15, 2022",B09JG59MGK,120mm,Dracaena Store,52,52,1
63d48ba8dba2fe37f0af5c29,Black,31.1,US,"July 17, 2022",B09JG59MGK,120mm,Dracaena Store,52,52,1
63d48ba8dba2fe37f0af5c30,Black,31.1,US,"July 24, 2022",B09JG59MGK,120mm,Dracaena Store,52,364,7
63d48ba8dba2fe37f0af5c33,Black,31.1,US,"July 27, 2022",B09JG59MGK,120mm,Dracaena Store,52,104,2
63d48ba8dba2fe37f0af5c34,Black,31.1,US,"July 28, 2022",B09JG59MGK,120mm,Dracaena Store,52,52,1
63d48ba8dba2fe37f0af5c35,Black,31.1,US,"July 29, 2022",B09JG59MGK,120mm,Dracaena Store,52,156,3
63d48ba8dba2fe37f0af5c36,Black,31.1,US,"July 30, 2022",B09JG59MGK,120mm,Dracaena Store,52,260,5
63d49b39dba2fe37f0b096a4,Black,31.1,CA,"June 4, 2022",B09JG59MGK,120mm,Dracaena Store,52.3488,52.3488,1
63d49b39dba2fe37f0b096b1,Black,31.1,CA,"June 17, 2022",B09JG59MGK,120mm,Dracaena Store,52.3488,52.3488,1
63d49b39dba2fe37f0b096b2,Black,31.1,CA,"June 18, 2022",B09JG59MGK,120mm,Dracaena Store,52.3488,52.3488,1
63d49b39dba2fe37f0b096bc,Black,31.1,CA,"June 28, 2022",B09JG59MGK,120mm,Dracaena Store,52.3488,52.3488,1
63d49b39dba2fe37f0b096be,Black,31.1,CA,"June 30, 2022",B09JG59MGK,120mm,Dracaena Store,52.3488,52.3488,1
63d80b2ae561b5a4b69b18df,Black,41.1,CA,"September 9, 2022",B09JG4TTP2,240mmm,Dracaena Store,60.04,60.04,1
63d81a6ce561b5a4b69bb063,Black,51,US,"September 7, 2022",B09JG5X1PY,360mm,Dracaena Store,86,86,1
63d81ad2e561b5a4b69bb5c9,Black,31.1,US,"September 9, 2022",B09JG59MGK,120mm,Dracaena Store,52,52,1
63d141b5dba2fe37f0630d74,Black,41.1,US,"February 8, 2022",B09JG4TTP2,240mmm,Dracaena Store,69,207,3
63d185efdba2fe37f069714a,Black,41.1,US,"December 14, 2021",B09JG4TTP2,240mmm,Dracaena Store,65.99,65.99,1
63d185efdba2fe37f069714d,Black,41.1,US,"December 17, 2021",B09JG4TTP2,240mmm,Dracaena Store,65.99,65.99,1
63d185efdba2fe37f0697155,Black,41.1,US,"December 25, 2021",B09JG4TTP2,240mmm,Dracaena Store,65,130,2
63d185efdba2fe37f0697157,Black,41.1,US,"December 27, 2021",B09JG4TTP2,240mmm,Dracaena Store,65,65,1
63d185efdba2fe37f0697158,Black,41.1,US,"December 28, 2021",B09JG4TTP2,240mmm,Dracaena Store,65,65,1
63d464d4dba2fe37f0ac4fef,Black,31.1,JP,"July 20, 2022",B09JG59MGK,120mm,Dracaena Store,52.493,52.493,1
63d474a4dba2fe37f0ad90e3,Black,31.1,MX,"July 13, 2022",B09JG59MGK,120mm,Dracaena Store,58.07714,58.07714,1
63d474f6dba2fe37f0ad97bb,Black,31.1,JP,"April 27, 2022",B09JG59MGK,120mm,Dracaena Store,41.993,41.993,1
63d474f6dba2fe37f0ad97bf,Black,31.1,JP,"May 1, 2022",B09JG59MGK,120mm,Dracaena Store,41.993,41.993,1
63d474f6dba2fe37f0ad97c0,Black,31.1,JP,"May 2, 2022",B09JG59MGK,120mm,Dracaena Store,41.993,41.993,1
63d493bfdba2fe37f0affec8,Black,31.1,MX,"June 8, 2022",B09JG59MGK,120mm,Dracaena Store,62.64,62.64,1
63d1426ddba2fe37f063163d,Black,31.1,US,"February 7, 2022",B09JG59MGK,120mm,Dracaena Store,49,49,1
63d1690fdba2fe37f066368d,Black,41.1,US,"January 18, 2022",B09JG4TTP2,240mmm,Dracaena Store,65,65,1
63d1690fdba2fe37f0663683,Black,41.1,US,"January 8, 2022",B09JG4TTP2,240mmm,Dracaena Store,65,65,1
63d1690fdba2fe37f0663692,Black,41.1,US,"January 23, 2022",B09JG4TTP2,240mmm,Dracaena Store,65,65,1
63d1690fdba2fe37f0663694,Black,41.1,US,"January 25, 2022",B09JG4TTP2,240mmm,Dracaena Store,65,65,1
63d03888dba2fe37f0432c5b,Black,31.1,DE,"July 27, 2022",B09JG59MGK,120mm,Dracaena Store,60.5604,60.5604,1
63d03888dba2fe37f0432c64,Black,31.1,DE,"August 5, 2022",B09JG59MGK,120mm,Dracaena Store,61.0509,61.0509,1
63d03888dba2fe37f0432c65,Black,31.1,DE,"August 6, 2022",B09JG59MGK,120mm,Dracaena Store,61.0509,61.0509,1
63d03888dba2fe37f0432c69,Black,31.1,DE,"August 10, 2022",B09JG59MGK,120mm,Dracaena Store,61.0509,61.0509,1
63d11169dba2fe37f05f47a4,Black,31.1,GB,"June 20, 2022",B09JG59MGK,120mm,Dracaena Store,55.118,55.118,1
63d11169dba2fe37f05f4790,Black,31.1,GB,"May 31, 2022",B09JG59MGK,120mm,Dracaena Store,53.8734,53.8734,1
63d11169dba2fe37f05f4791,Black,31.1,GB,"June 1, 2022",B09JG59MGK,120mm,Dracaena Store,53.8734,107.7468,2
63d16277dba2fe37f0657821,Black,31.1,GB,"May 20, 2022",B09JG59MGK,120mm,Dracaena Store,54.5973,54.5973,1
63d16277dba2fe37f0657825,Black,31.1,GB,"May 24, 2022",B09JG59MGK,120mm,Dracaena Store,54.5973,54.5973,1
63d16277dba2fe37f0657827,Black,31.1,GB,"May 26, 2022",B09JG59MGK,120mm,Dracaena Store,54.2417,216.9414,4
63d16277dba2fe37f0657828,Black,31.1,GB,"May 27, 2022",B09JG59MGK,120mm,Dracaena Store,53.8734,53.8734,1
63d16913dba2fe37f066370a,Black,51,US,"January 23, 2022",B09JG5X1PY,360mm,Dracaena Store,89,89,1
63d16913dba2fe37f0663700,Black,51,US,"January 13, 2022",B09JG5X1PY,360mm,Dracaena Store,89,89,1
63d16973dba2fe37f066410a,Black,31.1,US,"January 3, 2022",B09JG59MGK,120mm,Dracaena Store,45,90,2
63d16973dba2fe37f066410b,Black,31.1,US,"January 4, 2022",B09JG59MGK,120mm,Dracaena Store,45,45,1
63d16973dba2fe37f066410c,Black,31.1,US,"January 5, 2022",B09JG59MGK,120mm,Dracaena Store,45,135,3
63d16973dba2fe37f066410d,Black,31.1,US,"January 6, 2022",B09JG59MGK,120mm,Dracaena Store,45,45,1
63d16973dba2fe37f066411a,Black,31.1,US,"January 19, 2022",B09JG59MGK,120mm,Dracaena Store,45,90,2
63d16973dba2fe37f066411d,Black,31.1,US,"January 22, 2022",B09JG59MGK,120mm,Dracaena Store,45,135,3
63d16973dba2fe37f066411e,Black,31.1,US,"January 23, 2022",B09JG59MGK,120mm,Dracaena Store,45,45,1
63d16973dba2fe37f066411f,Black,31.1,US,"January 24, 2022",B09JG59MGK,120mm,Dracaena Store,45,135,3
63d16973dba2fe37f0664107,Black,31.1,US,"December 31, 2021",B09JG59MGK,120mm,Dracaena Store,45,90,2
63d16973dba2fe37f0664112,Black,31.1,US,"January 11, 2022",B09JG59MGK,120mm,Dracaena Store,45,45,1
63d16973dba2fe37f0664114,Black,31.1,US,"January 13, 2022",B09JG59MGK,120mm,Dracaena Store,45,90,2
63d16973dba2fe37f0664115,Black,31.1,US,"January 14, 2022",B09JG59MGK,120mm,Dracaena Store,45,90,2
63d16973dba2fe37f0664116,Black,31.1,US,"January 15, 2022",B09JG59MGK,120mm,Dracaena Store,45,45,1
63d16973dba2fe37f0664118,Black,31.1,US,"January 17, 2022",B09JG59MGK,120mm,Dracaena Store,45,135,3
63d16973dba2fe37f0664119,Black,31.1,US,"January 18, 2022",B09JG59MGK,120mm,Dracaena Store,45,90,2
63d16973dba2fe37f0664120,Black,31.1,US,"January 25, 2022",B09JG59MGK,120mm,Dracaena Store,45,90,2
63d16973dba2fe37f0664121,Black,31.1,US,"January 26, 2022",B09JG59MGK,120mm,Dracaena Store,49,49,1
63d18651dba2fe37f0697cbe,Black,31.1,US,"December 6, 2021",B09JG59MGK,120mm,Dracaena Store,45.99,45.99,1
63d18651dba2fe37f0697cbf,Black,31.1,US,"December 7, 2021",B09JG59MGK,120mm,Dracaena Store,45.99,45.99,1
63d18651dba2fe37f0697cc0,Black,31.1,US,"December 8, 2021",B09JG59MGK,120mm,Dracaena Store,45.99,45.99,1
63d18651dba2fe37f0697cc4,Black,31.1,US,"December 12, 2021",B09JG59MGK,120mm,Dracaena Store,45.99,45.99,1
63d18651dba2fe37f0697cc6,Black,31.1,US,"December 14, 2021",B09JG59MGK,120mm,Dracaena Store,45.99,45.99,1
63d18651dba2fe37f0697cc7,Black,31.1,US,"December 15, 2021",B09JG59MGK,120mm,Dracaena Store,45.99,45.99,1
63d18651dba2fe37f0697cce,Black,31.1,US,"December 22, 2021",B09JG59MGK,120mm,Dracaena Store,45.99,91.98,2
63d18651dba2fe37f0697cd1,Black,31.1,US,"December 25, 2021",B09JG59MGK,120mm,Dracaena Store,45,45,1
63d18651dba2fe37f0697cd2,Black,31.1,US,"December 26, 2021",B09JG59MGK,120mm,Dracaena Store,45,90,2
63d18651dba2fe37f0697cd3,Black,31.1,US,"December 27, 2021",B09JG59MGK,120mm,Dracaena Store,45,45,1
63d18651dba2fe37f0697cd4,Black,31.1,US,"December 28, 2021",B09JG59MGK,120mm,Dracaena Store,45,45,1
63e2f6ec58ed550a45d8ba5a,Black,31.1,US,"September 10, 2022",B09JG59MGK,120mm,Dracaena Store,52,52,1
63e4741d58ed550a45f84c6c,Black,41.1,US,"September 11, 2022",B09JG4TTP2,240mmm,Dracaena Store,69,69,1
63e4748c58ed550a45f8524a,Black,31.1,US,"September 13, 2022",B09JG59MGK,120mm,Dracaena Store,52,156,3
63e4748c58ed550a45f85248,Black,31.1,US,"September 11, 2022",B09JG59MGK,120mm,Dracaena Store,52,104,2
63e869157d111e070f946be3,Black,31.1,US,"September 14, 2022",B09JG59MGK,120mm,Dracaena Store,52,52,1
63ea5f54b65d634d6936bd98,Black,41.1,US,"September 16, 2022",B09JG4TTP2,240mmm,Dracaena Store,69,69,1
63ea5fccb65d634d6936cb8a,Black,31.1,US,"September 16, 2022",B09JG59MGK,120mm,Dracaena Store,52,52,1
63eb02cab65d634d6946328e,Black,41.1,CA,"September 19, 2022",B09JG4TTP2,240mmm,Dracaena Store,60.04,60.04,1
63eb132cb65d634d6948002a,Black,41.1,US,"September 21, 2022",B09JG4TTP2,240mmm,Dracaena Store,69,69,1
63eb132cb65d634d69480027,Black,41.1,US,"September 18, 2022",B09JG4TTP2,240mmm,Dracaena Store,69,69,1
63eb1399b65d634d69480b6a,Black,31.1,US,"September 21, 2022",B09JG59MGK,120mm,Dracaena Store,52,104,2
63eb1399b65d634d69480b66,Black,31.1,US,"September 17, 2022",B09JG59MGK,120mm,Dracaena Store,52,52,1
63eb1399b65d634d69480b67,Black,31.1,US,"September 18, 2022",B09JG59MGK,120mm,Dracaena Store,52,52,1
63eb1399b65d634d69480b68,Black,31.1,US,"September 19, 2022",B09JG59MGK,120mm,Dracaena Store,52,104,2
63eb1399b65d634d69480b69,Black,31.1,US,"September 20, 2022",B09JG59MGK,120mm,Dracaena Store,52,156,3
63ed1d1cb65d634d696b7fb0,Black,31.1,AU,"September 18, 2022",B09JG59MGK,120mm,Dracaena Store,60.97,60.97,1
63f4e58b6b5148a575c02dbe,Black,31.1,US,"September 24, 2022",B09JG59MGK,120mm,Dracaena Store,52,104,2
63f4e5126b5148a575c0218e,Black,41.1,US,"September 24, 2022",B09JG4TTP2,240mmm,Dracaena Store,69,69,1
63f4e5176b5148a575c02224,Black,51,US,"September 24, 2022",B09JG5X1PY,360mm,Dracaena Store,86,86,1
63f26adbea6105710225e604,Black,31.1,US,"September 22, 2022",B09JG59MGK,120mm,Dracaena Store,52,52,1
63f26adbea6105710225e605,Black,31.1,US,"September 23, 2022",B09JG59MGK,120mm,Dracaena Store,52,104,2
63f81ead6b5148a575091740,Black,51,US,"September 26, 2022",B09JG5X1PY,360mm,Dracaena Store,86,86,1
63f81f186b5148a575091f92,Black,31.1,US,"September 26, 2022",B09JG59MGK,120mm,Dracaena Store,39,156,4
63f091ffb137a68bcc6b9fe6,Black,31.1,DE,"September 21, 2022",B09JG59MGK,120mm,Dracaena Store,61.5632,61.5632,1
63f919ee6b5148a5751cfa58,Black,31.1,US,"September 27, 2022",B09JG59MGK,120mm,Dracaena Store,52,156,3
63f2957bea6105710229d64c,Black,31.1,DE,"September 22, 2022",B09JG59MGK,120mm,Dracaena Store,61.5632,61.5632,1
63f2957bea6105710229d64d,Black,31.1,DE,"September 23, 2022",B09JG59MGK,120mm,Dracaena Store,61.3125,122.6141,2
63f6873e6b5148a575e6a304,Black,31.1,US,"September 25, 2022",B09JG59MGK,120mm,Dracaena Store,52,52,1
63f25997ea61057102240cef,Black,41.1,CA,"September 23, 2022",B09JG4TTP2,240mmm,Dracaena Store,60.04,60.04,1
63f751776b5148a575f94fba,Black,31.1,JP,"October 8, 2022",B09JG59MGK,120mm,Dracaena Store,55.993,55.993,1
63fa834e6b5148a57539d074,Black,31.1,US,"September 28, 2022",B09JG59MGK,120mm,Dracaena Store,52,156,3
63fbc75d6b5148a5754fc84a,Black,31.1,DE,"October 1, 2022",B09JG59MGK,120mm,Dracaena Store,61.0509,61.0509,1
63fbc8316b5148a5754fd898,Black,41.1,DE,"October 5, 2022",B09JG4TTP2,240mmm,Dracaena Store,65.4,65.4,1
63fc12276b5148a5755416e6,Black,31.1,US,"September 29, 2022",B09JG59MGK,120mm,Dracaena Store,48,624,13
63fcfb656b5148a5755e97a6,Black,41.1,US,"September 30, 2022",B09JG4TTP2,240mmm,Dracaena Store,69,69,1
63fcfbea6b5148a5755e9d64,Black,31.1,US,"September 30, 2022",B09JG59MGK,120mm,Dracaena Store,52,156,3
63fe27e26b5148a575688680,Black,51,US,"October 1, 2022",B09JG5X1PY,360mm,Dracaena Store,86,86,1
63fe28626b5148a575688bc6,Black,31.1,US,"October 1, 2022",B09JG59MGK,120mm,Dracaena Store,52,260,5
63feec156b5148a5756f1577,Black,41.1,CA,"October 7, 2022",B09JG4TTP2,240mmm,Dracaena Store,60.04,60.04,1
63feec156b5148a5756f1578,Black,41.1,CA,"October 8, 2022",B09JG4TTP2,240mmm,Dracaena Store,60.04,60.04,1
63feeca06b5148a5756f1b6e,Black,31.1,CA,"October 4, 2022",B09JG59MGK,120mm,Dracaena Store,52.44,52.44,1
63ff00c56b5148a5756febc9,Black,31.1,US,"October 3, 2022",B09JG59MGK,120mm,Dracaena Store,52,208,4
63ff00c56b5148a5756febca,Black,31.1,US,"October 4, 2022",B09JG59MGK,120mm,Dracaena Store,52,468,9
63ff00c56b5148a5756febcb,Black,31.1,US,"October 5, 2022",B09JG59MGK,120mm,Dracaena Store,52,156,3
63ff00c56b5148a5756febcc,Black,31.1,US,"October 6, 2022",B09JG59MGK,120mm,Dracaena Store,52,156,3
63ff00c56b5148a5756febcd,Black,31.1,US,"October 7, 2022",B09JG59MGK,120mm,Dracaena Store,52,52,1
63ff00c56b5148a5756febce,Black,31.1,US,"October 8, 2022",B09JG59MGK,120mm,Dracaena Store,52,208,4
63ff00c56b5148a5756febcf,Black,31.1,US,"October 9, 2022",B09JG59MGK,120mm,Dracaena Store,52,208,4
63ff00c56b5148a5756febd0,Black,31.1,US,"October 10, 2022",B09JG59MGK,120mm,Dracaena Store,46,414,9
63ff003f6b5148a5756fe60c,Black,41.1,US,"October 4, 2022",B09JG4TTP2,240mmm,Dracaena Store,69,69,1
63ff003f6b5148a5756fe60d,Black,41.1,US,"October 5, 2022",B09JG4TTP2,240mmm,Dracaena Store,69,69,1
63ff003f6b5148a5756fe60f,Black,41.1,US,"October 7, 2022",B09JG4TTP2,240mmm,Dracaena Store,69,69,1
63ff003f6b5148a5756fe610,Black,41.1,US,"October 8, 2022",B09JG4TTP2,240mmm,Dracaena Store,69,69,1
63ff003f6b5148a5756fe612,Black,41.1,US,"October 10, 2022",B09JG4TTP2,240mmm,Dracaena Store,62,62,1
63ff00456b5148a5756fe648,Black,51,US,"October 4, 2022",B09JG5X1PY,360mm,Dracaena Store,86,86,1
640bb3964c54910acbb3d758,Black,31.1,US,"October 11, 2022",B09JG59MGK,120mm,Dracaena Store,46,368,8
640c74c61bb907e393404659,Black,31.1,AU,"October 19, 2022",B09JG59MGK,120mm,Dracaena Store,65.66,65.66,1
640cd1531bb907e39347454c,Black,31.1,JP,"October 12, 2022",B09JG59MGK,120mm,Dracaena Store,51.093,51.093,1
640d8d551bb907e39356c904,Black,31.1,DE,"October 12, 2022",B09JG59MGK,120mm,Dracaena Store,61.5632,61.5632,1
640d17ec1bb907e3934d2692,Black,41.1,US,"October 12, 2022",B09JG4TTP2,240mmm,Dracaena Store,69,69,1
640d17f01bb907e3934d270a,Black,51,US,"October 12, 2022",B09JG5X1PY,360mm,Dracaena Store,77,77,1
640d18551bb907e3934d320e,Black,31.1,US,"October 12, 2022",B09JG59MGK,120mm,Dracaena Store,52,260,5
640d87591bb907e393563106,Black,31.1,GB,"October 12, 2022",B09JG59MGK,120mm,Dracaena Store,60.9473,60.9473,1
640da6931bb907e393587358,Black,41.1,IT,"October 12, 2022",B09JG4TTP2,240mmm,Dracaena Store,75.21,75.21,1
640df1ba1bb907e3935d431a,Black,41.1,CA,"October 13, 2022",B09JG4TTP2,240mmm,Dracaena Store,60.04,60.04,1
640df2281bb907e3935d4b8a,Black,31.1,CA,"October 13, 2022",B09JG59MGK,120mm,Dracaena Store,52.44,52.44,1
640e01a81bb907e3935ece42,Black,51,US,"October 13, 2022",B09JG5X1PY,360mm,Dracaena Store,86,86,1
640e609d1bb907e393667368,Black,31.1,JP,"October 14, 2022",B09JG59MGK,120mm,Dracaena Store,51.093,51.093,1
640e609d1bb907e393667375,Black,31.1,JP,"October 27, 2022",B09JG59MGK,120mm,Dracaena Store,53.186,53.186,1
640e02111bb907e3935ed8ce,Black,31.1,US,"October 13, 2022",B09JG59MGK,120mm,Dracaena Store,52,260,5
640f88e21bb907e3937935fc,Black,31.1,US,"October 14, 2022",B09JG59MGK,120mm,Dracaena Store,52,156,3
640f88781bb907e39379305c,Black,41.1,US,"October 14, 2022",B09JG4TTP2,240mmm,Dracaena Store,69,69,1
642a02968c830bbda334b72a,Black,41.1,US,"November 4, 2022",B09JG4TTP2,240mmm,Dracaena Store,69,207,3
642a02968c830bbda334b729,Black,41.1,US,"November 3, 2022",B09JG4TTP2,240mmm,Dracaena Store,46,138,3
642a03058c830bbda334c1b5,Black,31.1,US,"November 3, 2022",B09JG59MGK,120mm,Dracaena Store,52,416,8
642a03058c830bbda334c1b6,Black,31.1,US,"November 4, 2022",B09JG59MGK,120mm,Dracaena Store,52,468,9
642cc5e3297d80a266ec3f25,Black,41.1,US,"November 5, 2022",B09JG4TTP2,240mmm,Dracaena Store,69,69,1
642cc5e3297d80a266ec3f27,Black,41.1,US,"November 7, 2022",B09JG4TTP2,240mmm,Dracaena Store,69,69,1
642cc5e3297d80a266ec3f28,Black,41.1,US,"November 8, 2022",B09JG4TTP2,240mmm,Dracaena Store,69,69,1
642cc677297d80a266ec4aa1,Black,31.1,US,"November 5, 2022",B09JG59MGK,120mm,Dracaena Store,52,364,7
642cc677297d80a266ec4aa2,Black,31.1,US,"November 6, 2022",B09JG59MGK,120mm,Dracaena Store,52,364,7
642cc677297d80a266ec4aa3,Black,31.1,US,"November 7, 2022",B09JG59MGK,120mm,Dracaena Store,54.99,219.96,4
642cc677297d80a266ec4aa4,Black,31.1,US,"November 8, 2022",B09JG59MGK,120mm,Dracaena Store,50.27,904.93,18
643ebcd6c0c3edd418d542b3,Black,31.1,JP,"November 19, 2022",B09JG59MGK,120mm,Dracaena Store,46.186,46.186,1
643f2ae1c0c3edd418dd2aa5,Black,31.1,CA,"November 19, 2022",B09JG59MGK,120mm,Dracaena Store,52.44,52.44,1
643f438cc0c3edd418deef75,Black,31.1,US,"November 19, 2022",B09JG59MGK,120mm,Dracaena Store,55,275,5
649a6ef8fcf18ae63867a828,Black,31.1,AU,"March 30, 2023",B09JG59MGK,120mm,Dracaena Store,53.8144,53.8144,1
649a7c87fcf18ae63868eae7,Black,31.1,AU,"February 1, 2023",B09JG59MGK,120mm,Dracaena Store,63.3083,63.3083,1
649a7c87fcf18ae63868eafb,Black,31.1,AU,"February 21, 2023",B09JG59MGK,120mm,Dracaena Store,56.6083,56.6083,1
649a821378eebbe0e4c531e7,Black,31.1,US,"December 29, 2022",B09JG59MGK,120mm,Ingenious Store,56.99,284.95,5
649ba22d53a4ec2274b93da8,Black,31.1,MX,"June 6, 2023",B09JG59MGK,120mm,Dracaena Store,75.342,75.342,1
649ba22d53a4ec2274b93db4,Black,31.1,MX,"June 18, 2023",B09JG59MGK,120mm,Dracaena Store,75.342,75.342,1
649ba73353a4ec2274b9b70d,Black,31.1,JP,"May 4, 2023",B09JG59MGK,120mm,Dracaena Store,55.993,55.993,1
649ba73353a4ec2274b9b70f,Black,31.1,JP,"May 6, 2023",B09JG59MGK,120mm,Dracaena Store,55.993,167.979,3
649ba73353a4ec2274b9b714,Black,31.1,JP,"May 11, 2023",B09JG59MGK,120mm,Dracaena Store,55.993,111.986,2
649ba73353a4ec2274b9b716,Black,31.1,JP,"May 13, 2023",B09JG59MGK,120mm,Dracaena Store,55.993,111.986,2
649ba73353a4ec2274b9b717,Black,31.1,JP,"May 14, 2023",B09JG59MGK,120mm,Dracaena Store,55.993,55.993,1
649bac9053a4ec2274ba4156,Black,31.1,CA,"June 4, 2023",B09JG59MGK,120mm,Dracaena Store,58.52,58.52,1
649bae9253a4ec2274ba6d9d,Black,51,JP,"March 31, 2023",B09JG5X1PY,360mm,Dracaena Store,104.293,104.293,1
649baeb853a4ec2274ba71a0,Black,31.1,JP,"April 7, 2023",B09JG59MGK,120mm,Dracaena Store,47.593,47.593,1
649baeb853a4ec2274ba71a2,Black,31.1,JP,"April 9, 2023",B09JG59MGK,120mm,Dracaena Store,47.593,47.593,1
649baeb853a4ec2274ba71a3,Black,31.1,JP,"April 10, 2023",B09JG59MGK,120mm,Dracaena Store,47.593,47.593,1
649baeb853a4ec2274ba71a4,Black,31.1,JP,"April 11, 2023",B09JG59MGK,120mm,Dracaena Store,47.593,47.593,1
649baeb853a4ec2274ba71a5,Black,31.1,JP,"April 12, 2023",B09JG59MGK,120mm,Dracaena Store,47.593,95.186,2
649baeb853a4ec2274ba71a6,Black,31.1,JP,"April 13, 2023",B09JG59MGK,120mm,Dracaena Store,55.993,55.993,1
649baeb853a4ec2274ba71a8,Black,31.1,JP,"April 15, 2023",B09JG59MGK,120mm,Dracaena Store,47.593,47.593,1
649baeb853a4ec2274ba71ac,Black,31.1,JP,"April 19, 2023",B09JG59MGK,120mm,Dracaena Store,47.593,47.593,1
649baeb853a4ec2274ba71ad,Black,31.1,JP,"April 20, 2023",B09JG59MGK,120mm,Dracaena Store,47.593,95.186,2
649baeb853a4ec2274ba71ae,Black,31.1,JP,"April 21, 2023",B09JG59MGK,120mm,Dracaena Store,47.593,47.593,1
649baeb853a4ec2274ba71af,Black,31.1,JP,"April 22, 2023",B09JG59MGK,120mm,Dracaena Store,47.593,47.593,1
649baeb853a4ec2274ba71b0,Black,31.1,JP,"April 23, 2023",B09JG59MGK,120mm,Dracaena Store,47.593,95.186,2
649baeb853a4ec2274ba71b1,Black,31.1,JP,"April 24, 2023",B09JG59MGK,120mm,Dracaena Store,47.593,190.372,4
649baeb853a4ec2274ba71b2,Black,31.1,JP,"April 25, 2023",B09JG59MGK,120mm,Dracaena Store,47.593,142.779,3
649baeb853a4ec2274ba71b3,Black,31.1,JP,"April 26, 2023",B09JG59MGK,120mm,Dracaena Store,47.593,190.372,4
649baeb853a4ec2274ba71b5,Black,31.1,JP,"April 28, 2023",B09JG59MGK,120mm,Dracaena Store,47.593,47.593,1
649baeb853a4ec2274ba719a,Black,31.1,JP,"April 1, 2023",B09JG59MGK,120mm,Dracaena Store,55.993,55.993,1
649baeb853a4ec2274ba719c,Black,31.1,JP,"April 3, 2023",B09JG59MGK,120mm,Dracaena Store,55.993,167.979,3
649baeb853a4ec2274ba719d,Black,31.1,JP,"April 4, 2023",B09JG59MGK,120mm,Dracaena Store,55.993,55.993,1
649baeb853a4ec2274ba719e,Black,31.1,JP,"April 5, 2023",B09JG59MGK,120mm,Dracaena Store,55.993,55.993,1
649baeb853a4ec2274ba719f,Black,31.1,JP,"April 6, 2023",B09JG59MGK,120mm,Dracaena Store,47.593,95.186,2
649bb94c53a4ec2274bb811e,Black,31.1,GB,"May 29, 2023",B09JG59MGK,120mm,Dracaena Store,64.77,64.77,1
649bb94c53a4ec2274bb812e,Black,31.1,GB,"June 14, 2023",B09JG59MGK,120mm,Dracaena Store,64.77,64.77,1
649bb94c53a4ec2274bb8121,Black,31.1,GB,"June 1, 2023",B09JG59MGK,120mm,Dracaena Store,64.77,129.54,2
649bb94c53a4ec2274bb8122,Black,31.1,GB,"June 2, 2023",B09JG59MGK,120mm,Dracaena Store,64.77,64.77,1
649bb94c53a4ec2274bb8123,Black,31.1,GB,"June 3, 2023",B09JG59MGK,120mm,Dracaena Store,64.77,64.77,1
649bb94c53a4ec2274bb8131,Black,31.1,GB,"June 17, 2023",B09JG59MGK,120mm,Dracaena Store,64.77,64.77,1
649bb94c53a4ec2274bb8133,Black,31.1,GB,"June 19, 2023",B09JG59MGK,120mm,Dracaena Store,64.77,64.77,1
649bb94c53a4ec2274bb8135,Black,31.1,GB,"June 21, 2023",B09JG59MGK,120mm,Dracaena Store,64.77,64.77,1
649bb94c53a4ec2274bb8138,Black,31.1,GB,"June 24, 2023",B09JG59MGK,120mm,Dracaena Store,64.77,64.77,1
649bbd3f53a4ec2274bbe0be,Black,31.1,JP,"February 28, 2023",B09JG59MGK,120mm,Dracaena Store,55.993,167.979,3
649bbd3f53a4ec2274bbe0bf,Black,31.1,JP,"March 1, 2023",B09JG59MGK,120mm,Dracaena Store,55.993,55.993,1
649bbd3f53a4ec2274bbe0c1,Black,31.1,JP,"March 3, 2023",B09JG59MGK,120mm,Dracaena Store,55.993,55.993,1
649bbd3f53a4ec2274bbe0c2,Black,31.1,JP,"March 4, 2023",B09JG59MGK,120mm,Dracaena Store,55.993,111.986,2
649bbd3f53a4ec2274bbe0c4,Black,31.1,JP,"March 6, 2023",B09JG59MGK,120mm,Dracaena Store,55.993,111.986,2
649bbd3f53a4ec2274bbe0c5,Black,31.1,JP,"March 7, 2023",B09JG59MGK,120mm,Dracaena Store,55.993,111.986,2
649bbd3f53a4ec2274bbe0c7,Black,31.1,JP,"March 9, 2023",B09JG59MGK,120mm,Dracaena Store,55.993,55.993,1
649bbd3f53a4ec2274bbe0ca,Black,31.1,JP,"March 12, 2023",B09JG59MGK,120mm,Dracaena Store,55.993,111.986,2
649bbd3f53a4ec2274bbe0d8,Black,31.1,JP,"March 26, 2023",B09JG59MGK,120mm,Dracaena Store,55.993,111.986,2
649bbd3f53a4ec2274bbe0da,Black,31.1,JP,"March 28, 2023",B09JG59MGK,120mm,Dracaena Store,55.993,55.993,1
649bbd3f53a4ec2274bbe0db,Black,31.1,JP,"March 29, 2023",B09JG59MGK,120mm,Dracaena Store,55.993,55.993,1
649bc5b6c7011f3740977816,Black,31.1,CA,"April 29, 2023",B09JG59MGK,120mm,Ingenious Store,60.7392,60.7392,1
649bc6bdc7011f37409783ec,Black,51,US,"April 29, 2023",B09JG5X1PY,360mm,Ingenious Store,89.99,89.99,1
649bc6bdc7011f37409783ed,Black,51,US,"April 30, 2023",B09JG5X1PY,360mm,Ingenious Store,89.99,359.96,4
649bc6bdc7011f37409783ee,Black,51,US,"May 1, 2023",B09JG5X1PY,360mm,Ingenious Store,45,89.99,2
649bc6bdc7011f37409783ef,Black,51,US,"May 2, 2023",B09JG5X1PY,360mm,Ingenious Store,89.99,179.98,2
649bc6bdc7011f37409783f4,Black,51,US,"May 7, 2023",B09JG5X1PY,360mm,Ingenious Store,89.99,179.98,2
649bc6bdc7011f37409783f5,Black,51,US,"May 8, 2023",B09JG5X1PY,360mm,Ingenious Store,89.99,89.99,1
649bc6bdc7011f37409783f8,Black,51,US,"May 11, 2023",B09JG5X1PY,360mm,Ingenious Store,89.99,89.99,1
649bc6bdc7011f37409783fb,Black,51,US,"May 14, 2023",B09JG5X1PY,360mm,Ingenious Store,89.99,89.99,1
649bc6bdc7011f37409783ff,Black,51,US,"May 18, 2023",B09JG5X1PY,360mm,Ingenious Store,89.99,89.99,1
649bc6bdc7011f3740978400,Black,51,US,"May 19, 2023",B09JG5X1PY,360mm,Ingenious Store,89.99,89.99,1
649bc6c9c7011f374097848a,Black,31.1,US,"May 7, 2023",B09JG59MGK,120mm,Ingenious Store,59.99,299.95,5
649bc6c9c7011f374097848b,Black,31.1,US,"May 8, 2023",B09JG59MGK,120mm,Ingenious Store,59.99,239.96,4
649bc6c9c7011f374097848c,Black,31.1,US,"May 9, 2023",B09JG59MGK,120mm,Ingenious Store,59.99,419.93,7
649bc6c9c7011f374097848d,Black,31.1,US,"May 10, 2023",B09JG59MGK,120mm,Ingenious Store,59.99,599.9,10
649bc6c9c7011f374097848e,Black,31.1,US,"May 11, 2023",B09JG59MGK,120mm,Ingenious Store,59.99,1679.72,28
649bc6c9c7011f374097848f,Black,31.1,US,"May 12, 2023",B09JG59MGK,120mm,Ingenious Store,59.99,719.88,12
649bc6c9c7011f374097849a,Black,31.1,US,"May 23, 2023",B09JG59MGK,120mm,Ingenious Store,59.99,539.91,9
649bc6c9c7011f374097849b,Black,31.1,US,"May 24, 2023",B09JG59MGK,120mm,Ingenious Store,59.99,419.93,7
649bc6c9c7011f374097849c,Black,31.1,US,"May 25, 2023",B09JG59MGK,120mm,Ingenious Store,59.99,479.92,8
649bc6c9c7011f374097849d,Black,31.1,US,"May 26, 2023",B09JG59MGK,120mm,Ingenious Store,59.99,779.87,13
649bc6c9c7011f374097849e,Black,31.1,US,"May 27, 2023",B09JG59MGK,120mm,Ingenious Store,59.99,839.86,14
649bc6c9c7011f374097849f,Black,31.1,US,"May 28, 2023",B09JG59MGK,120mm,Ingenious Store,59.99,479.92,8
649bc6c9c7011f3740978483,Black,31.1,US,"April 30, 2023",B09JG59MGK,120mm,Ingenious Store,63.99,63.99,1
649bc6c9c7011f3740978484,Black,31.1,US,"May 1, 2023",B09JG59MGK,120mm,Ingenious Store,62.39,311.95,5
649bc6c9c7011f3740978485,Black,31.1,US,"May 2, 2023",B09JG59MGK,120mm,Ingenious Store,59.99,179.97,3
649bc6c9c7011f3740978486,Black,31.1,US,"May 3, 2023",B09JG59MGK,120mm,Ingenious Store,59.99,1019.83,17
649bc6c9c7011f3740978487,Black,31.1,US,"May 4, 2023",B09JG59MGK,120mm,Ingenious Store,59.99,239.96,4
649bc6c9c7011f3740978488,Black,31.1,US,"May 5, 2023",B09JG59MGK,120mm,Ingenious Store,59.99,719.88,12
649bc6c9c7011f3740978489,Black,31.1,US,"May 6, 2023",B09JG59MGK,120mm,Ingenious Store,59.99,659.89,11
649bc6c9c7011f3740978490,Black,31.1,US,"May 13, 2023",B09JG59MGK,120mm,Ingenious Store,59.99,299.95,5
649bc6c9c7011f3740978491,Black,31.1,US,"May 14, 2023",B09JG59MGK,120mm,Ingenious Store,59.99,959.84,16
649bc6c9c7011f3740978492,Black,31.1,US,"May 15, 2023",B09JG59MGK,120mm,Ingenious Store,59.99,599.9,10
649bc6c9c7011f3740978493,Black,31.1,US,"May 16, 2023",B09JG59MGK,120mm,Ingenious Store,59.99,299.95,5
649bc6c9c7011f3740978494,Black,31.1,US,"May 17, 2023",B09JG59MGK,120mm,Ingenious Store,55.99,839.86,15
649bc6c9c7011f3740978495,Black,31.1,US,"May 18, 2023",B09JG59MGK,120mm,Ingenious Store,59.99,539.91,9
649bc6c9c7011f3740978496,Black,31.1,US,"May 19, 2023",B09JG59MGK,120mm,Ingenious Store,59.99,299.95,5
649bc6c9c7011f3740978497,Black,31.1,US,"May 20, 2023",B09JG59MGK,120mm,Ingenious Store,59.99,239.96,4
649bc6c9c7011f3740978498,Black,31.1,US,"May 21, 2023",B09JG59MGK,120mm,Ingenious Store,59.99,479.92,8
649bc6c9c7011f3740978499,Black,31.1,US,"May 22, 2023",B09JG59MGK,120mm,Ingenious Store,59.99,779.87,13
649bc6cbc7011f37409784a1,Black,41.1,US,"April 30, 2023",B09JG4TTP2,240mmm,Ingenious Store,69.99,139.98,2
649bc6cbc7011f37409784a2,Black,41.1,US,"May 1, 2023",B09JG4TTP2,240mmm,Ingenious Store,69.99,209.97,3
649bc6cbc7011f37409784a3,Black,41.1,US,"May 2, 2023",B09JG4TTP2,240mmm,Ingenious Store,74.99,149.98,2
649bc6cbc7011f37409784a7,Black,41.1,US,"May 6, 2023",B09JG4TTP2,240mmm,Ingenious Store,74.99,149.98,2
649bc6cbc7011f37409784a8,Black,41.1,US,"May 7, 2023",B09JG4TTP2,240mmm,Ingenious Store,74.99,74.99,1
649bc6cbc7011f37409784a9,Black,41.1,US,"May 8, 2023",B09JG4TTP2,240mmm,Ingenious Store,74.99,149.98,2
649bc6cbc7011f37409784ab,Black,41.1,US,"May 10, 2023",B09JG4TTP2,240mmm,Ingenious Store,74.99,74.99,1
649bc6cbc7011f37409784b0,Black,41.1,US,"May 15, 2023",B09JG4TTP2,240mmm,Ingenious Store,74.99,74.99,1
649bc6cbc7011f37409784b2,Black,41.1,US,"May 17, 2023",B09JG4TTP2,240mmm,Ingenious Store,74.99,74.99,1
649bc6cbc7011f37409784b5,Black,41.1,US,"May 20, 2023",B09JG4TTP2,240mmm,Ingenious Store,74.99,74.99,1
649bc6cbc7011f37409784bc,Black,41.1,US,"May 27, 2023",B09JG4TTP2,240mmm,Ingenious Store,74.99,74.99,1
649bc6cbc7011f37409784bd,Black,41.1,US,"May 28, 2023",B09JG4TTP2,240mmm,Ingenious Store,74.99,74.99,1
649bc07e53a4ec2274bc38e1,Black,31.1,DE,"June 1, 2023",B09JG59MGK,120mm,Dracaena Store,61.0291,61.0291,1
649bc07e53a4ec2274bc38e3,Black,31.1,DE,"June 3, 2023",B09JG59MGK,120mm,Dracaena Store,61.0291,61.0291,1
649bc07e53a4ec2274bc38e8,Black,31.1,DE,"June 8, 2023",B09JG59MGK,120mm,Dracaena Store,61.5414,61.5414,1
649bc07e53a4ec2274bc38f0,Black,31.1,DE,"June 16, 2023",B09JG59MGK,120mm,Dracaena Store,61.2907,122.5705,2
649bc07e53a4ec2274bc38f6,Black,31.1,DE,"June 22, 2023",B09JG59MGK,120mm,Dracaena Store,59.4922,59.4922,1
649bc07e53a4ec2274bc38fa,Black,31.1,DE,"June 26, 2023",B09JG59MGK,120mm,Dracaena Store,61.0291,61.0291,1
649bc25ec7011f3740975248,Black,51,CA,"June 10, 2023",B09JG5X1PY,360mm,Ingenious Store,87.5444,87.5444,1
649bc36fc7011f3740975ea9,Black,51,US,"May 30, 2023",B09JG5X1PY,360mm,Ingenious Store,84.99,84.99,1
649bc36fc7011f3740975eac,Black,51,US,"June 2, 2023",B09JG5X1PY,360mm,Ingenious Store,84.99,84.99,1
649bc36fc7011f3740975eb8,Black,51,US,"June 14, 2023",B09JG5X1PY,360mm,Ingenious Store,84.99,84.99,1
649bc36fc7011f3740975eba,Black,51,US,"June 16, 2023",B09JG5X1PY,360mm,Ingenious Store,84.99,84.99,1
649bc36fc7011f3740975ec3,Black,51,US,"June 25, 2023",B09JG5X1PY,360mm,Ingenious Store,84.99,169.98,2
649bc37cc7011f3740975f3e,Black,31.1,US,"May 29, 2023",B09JG59MGK,120mm,Ingenious Store,59.99,1079.82,18
649bc37cc7011f3740975f3f,Black,31.1,US,"May 30, 2023",B09JG59MGK,120mm,Ingenious Store,62.99,377.94,6
649bc37cc7011f3740975f4a,Black,31.1,US,"June 10, 2023",B09JG59MGK,120mm,Ingenious Store,59.99,479.92,8
649bc37cc7011f3740975f4b,Black,31.1,US,"June 11, 2023",B09JG59MGK,120mm,Ingenious Store,59.99,419.93,7
649bc37cc7011f3740975f4c,Black,31.1,US,"June 12, 2023",B09JG59MGK,120mm,Ingenious Store,44.99,179.97,4
649bc37cc7011f3740975f4d,Black,31.1,US,"June 13, 2023",B09JG59MGK,120mm,Ingenious Store,59.99,599.9,10
649bc37cc7011f3740975f4e,Black,31.1,US,"June 14, 2023",B09JG59MGK,120mm,Ingenious Store,59.99,419.93,7
649bc37cc7011f3740975f4f,Black,31.1,US,"June 15, 2023",B09JG59MGK,120mm,Ingenious Store,59.99,179.97,3
649bc37cc7011f3740975f5a,Black,31.1,US,"June 26, 2023",B09JG59MGK,120mm,Ingenious Store,59.99,479.92,8
649bc37cc7011f3740975f5b,Black,31.1,US,"June 27, 2023",B09JG59MGK,120mm,Ingenious Store,59.99,239.96,4
649bc37cc7011f3740975f40,Black,31.1,US,"May 31, 2023",B09JG59MGK,120mm,Ingenious Store,58.62,468.92,8
649bc37cc7011f3740975f41,Black,31.1,US,"June 1, 2023",B09JG59MGK,120mm,Ingenious Store,57.99,463.92,8
649bc37cc7011f3740975f42,Black,31.1,US,"June 2, 2023",B09JG59MGK,120mm,Ingenious Store,57.99,289.95,5
649bc37cc7011f3740975f43,Black,31.1,US,"June 3, 2023",B09JG59MGK,120mm,Ingenious Store,57.99,521.91,9
649bc37cc7011f3740975f44,Black,31.1,US,"June 4, 2023",B09JG59MGK,120mm,Ingenious Store,58.79,293.95,5
649bc37cc7011f3740975f45,Black,31.1,US,"June 5, 2023",B09JG59MGK,120mm,Ingenious Store,59.99,479.92,8
649bc37cc7011f3740975f46,Black,31.1,US,"June 6, 2023",B09JG59MGK,120mm,Ingenious Store,59.99,179.97,3
649bc37cc7011f3740975f47,Black,31.1,US,"June 7, 2023",B09JG59MGK,120mm,Ingenious Store,59.99,719.88,12
649bc37cc7011f3740975f48,Black,31.1,US,"June 8, 2023",B09JG59MGK,120mm,Ingenious Store,59.99,299.95,5
649bc37cc7011f3740975f49,Black,31.1,US,"June 9, 2023",B09JG59MGK,120mm,Ingenious Store,55.82,334.94,6
649bc37cc7011f3740975f50,Black,31.1,US,"June 16, 2023",B09JG59MGK,120mm,Ingenious Store,59.99,659.89,11
649bc37cc7011f3740975f51,Black,31.1,US,"June 17, 2023",B09JG59MGK,120mm,Ingenious Store,59.99,179.97,3
649bc37cc7011f3740975f52,Black,31.1,US,"June 18, 2023",B09JG59MGK,120mm,Ingenious Store,59.99,179.97,3
649bc37cc7011f3740975f53,Black,31.1,US,"June 19, 2023",B09JG59MGK,120mm,Ingenious Store,59.99,659.89,11
649bc37cc7011f3740975f54,Black,31.1,US,"June 20, 2023",B09JG59MGK,120mm,Ingenious Store,59.99,539.91,9
649bc37cc7011f3740975f55,Black,31.1,US,"June 21, 2023",B09JG59MGK,120mm,Ingenious Store,59.99,719.88,12
649bc37cc7011f3740975f56,Black,31.1,US,"June 22, 2023",B09JG59MGK,120mm,Ingenious Store,59.99,479.92,8
649bc37cc7011f3740975f57,Black,31.1,US,"June 23, 2023",B09JG59MGK,120mm,Ingenious Store,59.99,299.95,5
649bc37cc7011f3740975f58,Black,31.1,US,"June 24, 2023",B09JG59MGK,120mm,Ingenious Store,59.99,539.91,9
649bc37cc7011f3740975f59,Black,31.1,US,"June 25, 2023",B09JG59MGK,120mm,Ingenious Store,59.99,179.97,3
649bc37fc7011f3740975f5c,Black,41.1,US,"May 29, 2023",B09JG4TTP2,240mmm,Ingenious Store,74.99,149.98,2
649bc37fc7011f3740975f5d,Black,41.1,US,"May 30, 2023",B09JG4TTP2,240mmm,Ingenious Store,72.99,72.99,1
649bc37fc7011f3740975f5f,Black,41.1,US,"June 1, 2023",B09JG4TTP2,240mmm,Ingenious Store,72.99,72.99,1
649bc37fc7011f3740975f6a,Black,41.1,US,"June 12, 2023",B09JG4TTP2,240mmm,Ingenious Store,72.99,72.99,1
649bc37fc7011f3740975f6d,Black,41.1,US,"June 15, 2023",B09JG4TTP2,240mmm,Ingenious Store,72.99,72.99,1
649bc37fc7011f3740975f6e,Black,41.1,US,"June 16, 2023",B09JG4TTP2,240mmm,Ingenious Store,72.99,72.99,1
649bc37fc7011f3740975f6f,Black,41.1,US,"June 17, 2023",B09JG4TTP2,240mmm,Ingenious Store,72.99,72.99,1
649bc37fc7011f3740975f64,Black,41.1,US,"June 6, 2023",B09JG4TTP2,240mmm,Ingenious Store,72.99,72.99,1
649bc37fc7011f3740975f69,Black,41.1,US,"June 11, 2023",B09JG4TTP2,240mmm,Ingenious Store,72.99,145.98,2
649bc37fc7011f3740975f71,Black,41.1,US,"June 19, 2023",B09JG4TTP2,240mmm,Ingenious Store,72.99,72.99,1
649bc37fc7011f3740975f73,Black,41.1,US,"June 21, 2023",B09JG4TTP2,240mmm,Ingenious Store,72.99,72.99,1
649bc37fc7011f3740975f75,Black,41.1,US,"June 23, 2023",B09JG4TTP2,240mmm,Ingenious Store,72.99,72.99,1
649bc47bc7011f3740976abd,White,41.1,US,"June 1, 2023",B0C23LD7K1,240mm,Ingenious Store,72.99,72.99,1
649bc47bc7011f3740976ac1,White,41.1,US,"June 5, 2023",B0C23LD7K1,240mm,Ingenious Store,72.99,72.99,1
649bc47bc7011f3740976ac8,White,41.1,US,"June 12, 2023",B0C23LD7K1,240mm,Ingenious Store,72.99,72.99,1
649bc47bc7011f3740976acc,White,41.1,US,"June 16, 2023",B0C23LD7K1,240mm,Ingenious Store,72.99,72.99,1
649bc47bc7011f3740976ad3,White,41.1,US,"June 23, 2023",B0C23LD7K1,240mm,Ingenious Store,72.99,72.99,1
649bc904c7011f3740979d5a,Black,31.1,CA,"March 30, 2023",B09JG59MGK,120mm,Ingenious Store,60.7392,60.7392,1
649bc904c7011f3740979d5e,Black,31.1,CA,"April 3, 2023",B09JG59MGK,120mm,Ingenious Store,60.7392,60.7392,1
649bc904c7011f3740979d60,Black,31.1,CA,"April 5, 2023",B09JG59MGK,120mm,Ingenious Store,60.7392,60.7392,1
649bc45153a4ec2274bc8e4a,Black,31.1,JP,"February 26, 2023",B09JG59MGK,120mm,Dracaena Store,55.993,55.993,1
649bc45153a4ec2274bc8e4b,Black,31.1,JP,"February 27, 2023",B09JG59MGK,120mm,Dracaena Store,55.993,55.993,1
649bc45153a4ec2274bc8e31,Black,31.1,JP,"February 1, 2023",B09JG59MGK,120mm,Dracaena Store,55.993,167.979,3
649bc45153a4ec2274bc8e35,Black,31.1,JP,"February 5, 2023",B09JG59MGK,120mm,Dracaena Store,55.993,55.993,1
649bc45153a4ec2274bc8e41,Black,31.1,JP,"February 17, 2023",B09JG59MGK,120mm,Dracaena Store,55.993,55.993,1
649bc45153a4ec2274bc8e42,Black,31.1,JP,"February 18, 2023",B09JG59MGK,120mm,Dracaena Store,55.993,55.993,1
649bc45153a4ec2274bc8e44,Black,31.1,JP,"February 20, 2023",B09JG59MGK,120mm,Dracaena Store,55.993,55.993,1
649bc46153a4ec2274bc8f75,Black,41.1,JP,"February 25, 2023",B09JG4TTP2,240mmm,Dracaena Store,84.693,84.693,1
649bca04c7011f374097a93b,Black,51,US,"April 10, 2023",B09JG5X1PY,360mm,Ingenious Store,89.99,89.99,1
649bca04c7011f374097a93c,Black,51,US,"April 11, 2023",B09JG5X1PY,360mm,Ingenious Store,89.99,89.99,1
649bca04c7011f374097a93d,Black,51,US,"April 12, 2023",B09JG5X1PY,360mm,Ingenious Store,89.99,89.99,1
649bca04c7011f374097a93e,Black,51,US,"April 13, 2023",B09JG5X1PY,360mm,Ingenious Store,89.99,179.98,2
649bca04c7011f374097a94a,Black,51,US,"April 25, 2023",B09JG5X1PY,360mm,Ingenious Store,89.99,179.98,2
649bca04c7011f374097a94c,Black,51,US,"April 27, 2023",B09JG5X1PY,360mm,Ingenious Store,89.99,179.98,2
649bca04c7011f374097a94d,Black,51,US,"April 28, 2023",B09JG5X1PY,360mm,Ingenious Store,89.99,179.98,2
649bca04c7011f374097a930,Black,51,US,"March 30, 2023",B09JG5X1PY,360mm,Ingenious Store,89.99,89.99,1
649bca04c7011f374097a931,Black,51,US,"March 31, 2023",B09JG5X1PY,360mm,Ingenious Store,89.99,89.99,1
649bca04c7011f374097a932,Black,51,US,"April 1, 2023",B09JG5X1PY,360mm,Ingenious Store,89.99,89.99,1
649bca04c7011f374097a933,Black,51,US,"April 2, 2023",B09JG5X1PY,360mm,Ingenious Store,89.99,89.99,1
649bca04c7011f374097a936,Black,51,US,"April 5, 2023",B09JG5X1PY,360mm,Ingenious Store,89.99,89.99,1
649bca04c7011f374097a938,Black,51,US,"April 7, 2023",B09JG5X1PY,360mm,Ingenious Store,89.99,89.99,1
649bca04c7011f374097a939,Black,51,US,"April 8, 2023",B09JG5X1PY,360mm,Ingenious Store,89.99,89.99,1
649bca04c7011f374097a940,Black,51,US,"April 15, 2023",B09JG5X1PY,360mm,Ingenious Store,89.99,269.97,3
649bca04c7011f374097a942,Black,51,US,"April 17, 2023",B09JG5X1PY,360mm,Ingenious Store,89.99,179.98,2
649bca04c7011f374097a943,Black,51,US,"April 18, 2023",B09JG5X1PY,360mm,Ingenious Store,89.99,89.99,1
649bca04c7011f374097a944,Black,51,US,"April 19, 2023",B09JG5X1PY,360mm,Ingenious Store,89.99,89.99,1
649bca04c7011f374097a945,Black,51,US,"April 20, 2023",B09JG5X1PY,360mm,Ingenious Store,89.99,269.97,3
649bca04c7011f374097a946,Black,51,US,"April 21, 2023",B09JG5X1PY,360mm,Ingenious Store,89.99,89.99,1
649bca04c7011f374097a947,Black,51,US,"April 22, 2023",B09JG5X1PY,360mm,Ingenious Store,89.99,179.98,2
649bca04c7011f374097a948,Black,51,US,"April 23, 2023",B09JG5X1PY,360mm,Ingenious Store,89.99,89.99,1
649bca11c7011f374097a9c6,Black,31.1,US,"March 30, 2023",B09JG59MGK,120mm,Ingenious Store,55.99,279.95,5
649bca11c7011f374097a9c7,Black,31.1,US,"March 31, 2023",B09JG59MGK,120mm,Ingenious Store,55.99,615.89,11
649bca11c7011f374097a9c8,Black,31.1,US,"April 1, 2023",B09JG59MGK,120mm,Ingenious Store,55.99,447.92,8
649bca11c7011f374097a9c9,Black,31.1,US,"April 2, 2023",B09JG59MGK,120mm,Ingenious Store,55.99,503.91,9
649bca11c7011f374097a9ca,Black,31.1,US,"April 3, 2023",B09JG59MGK,120mm,Ingenious Store,55.99,1287.77,23
649bca11c7011f374097a9cb,Black,31.1,US,"April 4, 2023",B09JG59MGK,120mm,Ingenious Store,55.99,223.96,4
649bca11c7011f374097a9cc,Black,31.1,US,"April 5, 2023",B09JG59MGK,120mm,Ingenious Store,55.99,1007.82,18
649bca11c7011f374097a9cd,Black,31.1,US,"April 6, 2023",B09JG59MGK,120mm,Ingenious Store,55.99,1623.71,29
649bca11c7011f374097a9ce,Black,31.1,US,"April 7, 2023",B09JG59MGK,120mm,Ingenious Store,55.99,447.92,8
649bca11c7011f374097a9cf,Black,31.1,US,"April 8, 2023",B09JG59MGK,120mm,Ingenious Store,50.9,559.9,11
649bca11c7011f374097a9d0,Black,31.1,US,"April 9, 2023",B09JG59MGK,120mm,Ingenious Store,55.99,839.85,15
649bca11c7011f374097a9d1,Black,31.1,US,"April 10, 2023",B09JG59MGK,120mm,Ingenious Store,55.99,1231.78,22
649bca11c7011f374097a9d2,Black,31.1,US,"April 11, 2023",B09JG59MGK,120mm,Ingenious Store,55.99,671.88,12
649bca11c7011f374097a9d3,Black,31.1,US,"April 12, 2023",B09JG59MGK,120mm,Ingenious Store,55.99,671.88,12
649bca11c7011f374097a9d4,Black,31.1,US,"April 13, 2023",B09JG59MGK,120mm,Ingenious Store,56.99,683.88,12
649bca11c7011f374097a9d5,Black,31.1,US,"April 14, 2023",B09JG59MGK,120mm,Ingenious Store,56.99,1538.73,27
649bca11c7011f374097a9d6,Black,31.1,US,"April 15, 2023",B09JG59MGK,120mm,Ingenious Store,56.99,227.96,4
649bca11c7011f374097a9d7,Black,31.1,US,"April 16, 2023",B09JG59MGK,120mm,Ingenious Store,56.99,227.96,4
649bca11c7011f374097a9d8,Black,31.1,US,"April 17, 2023",B09JG59MGK,120mm,Ingenious Store,56.99,569.9,10
649bca11c7011f374097a9d9,Black,31.1,US,"April 18, 2023",B09JG59MGK,120mm,Ingenious Store,56.99,170.97,3
649bca11c7011f374097a9da,Black,31.1,US,"April 19, 2023",B09JG59MGK,120mm,Ingenious Store,48.85,341.94,7
649bca11c7011f374097a9db,Black,31.1,US,"April 20, 2023",B09JG59MGK,120mm,Ingenious Store,56.99,740.87,13
649bca11c7011f374097a9dc,Black,31.1,US,"April 21, 2023",B09JG59MGK,120mm,Ingenious Store,56.99,227.96,4
649bca11c7011f374097a9dd,Black,31.1,US,"April 22, 2023",B09JG59MGK,120mm,Ingenious Store,56.99,227.96,4
649bca11c7011f374097a9de,Black,31.1,US,"April 23, 2023",B09JG59MGK,120mm,Ingenious Store,56.99,113.98,2
649bca11c7011f374097a9df,Black,31.1,US,"April 24, 2023",B09JG59MGK,120mm,Ingenious Store,56.99,113.98,2
649bca11c7011f374097a9e0,Black,31.1,US,"April 25, 2023",B09JG59MGK,120mm,Ingenious Store,56.99,683.88,12
649bca14c7011f374097a9e5,Black,41.1,US,"March 31, 2023",B09JG4TTP2,240mmm,Ingenious Store,79.99,79.99,1
649bca14c7011f374097a9ea,Black,41.1,US,"April 5, 2023",B09JG4TTP2,240mmm,Ingenious Store,79.99,239.97,3
649bca14c7011f374097a9fa,Black,41.1,US,"April 21, 2023",B09JG4TTP2,240mmm,Ingenious Store,69.99,69.99,1
649bca14c7011f374097a9fb,Black,41.1,US,"April 22, 2023",B09JG4TTP2,240mmm,Ingenious Store,69.99,209.97,3
649bca14c7011f374097a9fd,Black,41.1,US,"April 24, 2023",B09JG4TTP2,240mmm,Ingenious Store,69.99,69.99,1
649bca14c7011f374097a9ff,Black,41.1,US,"April 26, 2023",B09JG4TTP2,240mmm,Ingenious Store,69.99,69.99,1
649bca14c7011f374097aa00,Black,41.1,US,"April 27, 2023",B09JG4TTP2,240mmm,Ingenious Store,69.99,209.97,3
649bca14c7011f374097aa01,Black,41.1,US,"April 28, 2023",B09JG4TTP2,240mmm,Ingenious Store,69.99,139.98,2
649bcb3f53a4ec2274bd1c7c,Black,31.1,AU,"June 8, 2023",B09JG59MGK,120mm,Dracaena Store,62.98,62.98,1
649bcb3f53a4ec2274bd1c78,Black,31.1,AU,"June 4, 2023",B09JG59MGK,120mm,Dracaena Store,62.98,62.98,1
649bcd37c7011f374097ce7a,Black,51,US,"March 6, 2023",B09JG5X1PY,360mm,Ingenious Store,89.99,89.99,1
649bcd37c7011f374097ce8d,Black,51,US,"March 25, 2023",B09JG5X1PY,360mm,Ingenious Store,89.99,89.99,1
649bcd37c7011f374097ce8e,Black,51,US,"March 26, 2023",B09JG5X1PY,360mm,Ingenious Store,89.99,89.99,1
649bcd37c7011f374097ce8f,Black,51,US,"March 27, 2023",B09JG5X1PY,360mm,Ingenious Store,89.99,179.98,2
649bcd37c7011f374097ce74,Black,51,US,"February 28, 2023",B09JG5X1PY,360mm,Ingenious Store,89.99,179.98,2
649bcd37c7011f374097ce76,Black,51,US,"March 2, 2023",B09JG5X1PY,360mm,Ingenious Store,89.99,179.98,2
649bcd37c7011f374097ce77,Black,51,US,"March 3, 2023",B09JG5X1PY,360mm,Ingenious Store,89.99,89.99,1
649bcd37c7011f374097ce87,Black,51,US,"March 19, 2023",B09JG5X1PY,360mm,Ingenious Store,89.99,89.99,1
649bcd37c7011f374097ce90,Black,51,US,"March 28, 2023",B09JG5X1PY,360mm,Ingenious Store,89.99,89.99,1
649bcd43c7011f374097cf0a,Black,31.1,US,"February 28, 2023",B09JG59MGK,120mm,Ingenious Store,54.99,604.89,11
649bcd43c7011f374097cf0b,Black,31.1,US,"March 1, 2023",B09JG59MGK,120mm,Ingenious Store,51.32,769.86,15
649bcd43c7011f374097cf0c,Black,31.1,US,"March 2, 2023",B09JG59MGK,120mm,Ingenious Store,54.99,604.89,11
649bcd43c7011f374097cf0d,Black,31.1,US,"March 3, 2023",B09JG59MGK,120mm,Ingenious Store,54.99,879.84,16
649bcd43c7011f374097cf0e,Black,31.1,US,"March 4, 2023",B09JG59MGK,120mm,Ingenious Store,49.49,494.91,10
649bcd43c7011f374097cf0f,Black,31.1,US,"March 5, 2023",B09JG59MGK,120mm,Ingenious Store,54.99,494.91,9
649bcd43c7011f374097cf1a,Black,31.1,US,"March 16, 2023",B09JG59MGK,120mm,Ingenious Store,55.99,391.93,7
649bcd43c7011f374097cf1b,Black,31.1,US,"March 17, 2023",B09JG59MGK,120mm,Ingenious Store,55.99,391.93,7
649bcd43c7011f374097cf1c,Black,31.1,US,"March 18, 2023",B09JG59MGK,120mm,Ingenious Store,55.99,167.97,3
649bcd43c7011f374097cf1d,Black,31.1,US,"March 19, 2023",B09JG59MGK,120mm,Ingenious Store,55.99,447.92,8
649bcd43c7011f374097cf1e,Black,31.1,US,"March 20, 2023",B09JG59MGK,120mm,Ingenious Store,55.99,447.92,8
649bcd43c7011f374097cf1f,Black,31.1,US,"March 21, 2023",B09JG59MGK,120mm,Ingenious Store,55.99,559.9,10
649bcd43c7011f374097cf10,Black,31.1,US,"March 6, 2023",B09JG59MGK,120mm,Ingenious Store,54.99,604.89,11
649bcd43c7011f374097cf11,Black,31.1,US,"March 7, 2023",B09JG59MGK,120mm,Ingenious Store,54.99,549.9,10
649bcd43c7011f374097cf12,Black,31.1,US,"March 8, 2023",B09JG59MGK,120mm,Ingenious Store,48.12,384.93,8
649bcd43c7011f374097cf13,Black,31.1,US,"March 9, 2023",B09JG59MGK,120mm,Ingenious Store,54.99,494.91,9
649bcd43c7011f374097cf14,Black,31.1,US,"March 10, 2023",B09JG59MGK,120mm,Ingenious Store,55.08,1211.78,22
649bcd43c7011f374097cf15,Black,31.1,US,"March 11, 2023",B09JG59MGK,120mm,Ingenious Store,56.99,170.97,3
649bcd43c7011f374097cf16,Black,31.1,US,"March 12, 2023",B09JG59MGK,120mm,Ingenious Store,56.99,284.95,5
649bcd43c7011f374097cf17,Black,31.1,US,"March 13, 2023",B09JG59MGK,120mm,Ingenious Store,56.66,169.97,3
649bcd43c7011f374097cf18,Black,31.1,US,"March 14, 2023",B09JG59MGK,120mm,Ingenious Store,55.99,335.94,6
649bcd43c7011f374097cf19,Black,31.1,US,"March 15, 2023",B09JG59MGK,120mm,Ingenious Store,55.99,279.95,5
649bcd43c7011f374097cf20,Black,31.1,US,"March 22, 2023",B09JG59MGK,120mm,Ingenious Store,48.99,391.93,8
649bcd43c7011f374097cf21,Black,31.1,US,"March 23, 2023",B09JG59MGK,120mm,Ingenious Store,55.99,503.91,9
649bcd43c7011f374097cf22,Black,31.1,US,"March 24, 2023",B09JG59MGK,120mm,Ingenious Store,55.99,279.95,5
649bcd43c7011f374097cf23,Black,31.1,US,"March 25, 2023",B09JG59MGK,120mm,Ingenious Store,55.99,167.97,3
649bcd43c7011f374097cf24,Black,31.1,US,"March 26, 2023",B09JG59MGK,120mm,Ingenious Store,55.99,279.95,5
649bcd43c7011f374097cf25,Black,31.1,US,"March 27, 2023",B09JG59MGK,120mm,Ingenious Store,55.99,223.96,4
649bcd43c7011f374097cf26,Black,31.1,US,"March 28, 2023",B09JG59MGK,120mm,Ingenious Store,55.99,223.96,4
649bcd43c7011f374097cf27,Black,31.1,US,"March 29, 2023",B09JG59MGK,120mm,Ingenious Store,55.99,727.87,13
649bcd46c7011f374097cf2a,Black,41.1,US,"March 2, 2023",B09JG4TTP2,240mmm,Ingenious Store,79.99,239.97,3
649bcd46c7011f374097cf2b,Black,41.1,US,"March 3, 2023",B09JG4TTP2,240mmm,Ingenious Store,79.99,159.98,2
649bcd46c7011f374097cf2c,Black,41.1,US,"March 4, 2023",B09JG4TTP2,240mmm,Ingenious Store,79.99,79.99,1
649bcd46c7011f374097cf2d,Black,41.1,US,"March 5, 2023",B09JG4TTP2,240mmm,Ingenious Store,79.99,319.96,4
649bcd46c7011f374097cf2e,Black,41.1,US,"March 6, 2023",B09JG4TTP2,240mmm,Ingenious Store,79.99,79.99,1
649bcd46c7011f374097cf2f,Black,41.1,US,"March 7, 2023",B09JG4TTP2,240mmm,Ingenious Store,79.99,159.98,2
649bcd46c7011f374097cf28,Black,41.1,US,"February 28, 2023",B09JG4TTP2,240mmm,Ingenious Store,79.99,239.97,3
649bcd46c7011f374097cf29,Black,41.1,US,"March 1, 2023",B09JG4TTP2,240mmm,Ingenious Store,79.99,239.97,3
649bcd46c7011f374097cf30,Black,41.1,US,"March 8, 2023",B09JG4TTP2,240mmm,Ingenious Store,79.99,159.98,2
649bcd46c7011f374097cf32,Black,41.1,US,"March 10, 2023",B09JG4TTP2,240mmm,Ingenious Store,79.99,399.95,5
649bcd46c7011f374097cf33,Black,41.1,US,"March 11, 2023",B09JG4TTP2,240mmm,Ingenious Store,79.99,239.97,3
649bcd46c7011f374097cf35,Black,41.1,US,"March 13, 2023",B09JG4TTP2,240mmm,Ingenious Store,79.99,159.98,2
649bd3a3c7011f374098190f,Black,51,US,"January 18, 2023",B09JG5X1PY,360mm,Ingenious Store,85.99,85.99,1
649bd3a3c7011f3740981904,Black,51,US,"January 7, 2023",B09JG5X1PY,360mm,Ingenious Store,85.99,85.99,1
649bd3a3c7011f3740981905,Black,51,US,"January 8, 2023",B09JG5X1PY,360mm,Ingenious Store,85.99,171.98,2
649bd3a3c7011f3740981909,Black,51,US,"January 12, 2023",B09JG5X1PY,360mm,Ingenious Store,85.99,85.99,1
649bd3b1c7011f37409819a0,Black,31.1,US,"January 13, 2023",B09JG59MGK,120mm,Ingenious Store,54.99,604.89,11
649bd3b1c7011f37409819a1,Black,31.1,US,"January 14, 2023",B09JG59MGK,120mm,Ingenious Store,54.99,549.9,10
649bd3b1c7011f37409819a2,Black,31.1,US,"January 15, 2023",B09JG59MGK,120mm,Ingenious Store,54.99,219.96,4
649bd3b1c7011f37409819a3,Black,31.1,US,"January 16, 2023",B09JG59MGK,120mm,Ingenious Store,54.99,714.87,13
649bd3b1c7011f37409819a4,Black,31.1,US,"January 17, 2023",B09JG59MGK,120mm,Ingenious Store,54.99,439.92,8
649bd3b1c7011f37409819a5,Black,31.1,US,"January 18, 2023",B09JG59MGK,120mm,Ingenious Store,54.99,329.94,6
649bd3b1c7011f37409819a6,Black,31.1,US,"January 19, 2023",B09JG59MGK,120mm,Ingenious Store,54.99,439.92,8
649bd3b1c7011f37409819a7,Black,31.1,US,"January 20, 2023",B09JG59MGK,120mm,Ingenious Store,56.42,394.93,7
649bd3b1c7011f37409819a8,Black,31.1,US,"January 21, 2023",B09JG59MGK,120mm,Ingenious Store,55.99,55.99,1
649bd3b1c7011f37409819a9,Black,31.1,US,"January 22, 2023",B09JG59MGK,120mm,Ingenious Store,55.99,391.93,7
649bd3b1c7011f37409819ab,Black,31.1,US,"January 24, 2023",B09JG59MGK,120mm,Ingenious Store,55.99,167.97,3
649bd3b1c7011f37409819ac,Black,31.1,US,"January 25, 2023",B09JG59MGK,120mm,Ingenious Store,55.99,615.89,11
649bd3b1c7011f37409819ad,Black,31.1,US,"January 26, 2023",B09JG59MGK,120mm,Ingenious Store,55.99,447.92,8
649bd3b1c7011f37409819ae,Black,31.1,US,"January 27, 2023",B09JG59MGK,120mm,Ingenious Store,58.99,176.97,3
649bd3b1c7011f374098199a,Black,31.1,US,"January 7, 2023",B09JG59MGK,120mm,Ingenious Store,56.99,398.93,7
649bd3b1c7011f374098199b,Black,31.1,US,"January 8, 2023",B09JG59MGK,120mm,Ingenious Store,56.99,341.94,6
649bd3b1c7011f374098199c,Black,31.1,US,"January 9, 2023",B09JG59MGK,120mm,Ingenious Store,56.99,284.95,5
649bd3b1c7011f374098199d,Black,31.1,US,"January 10, 2023",B09JG59MGK,120mm,Ingenious Store,58.99,58.99,1
649bd3b1c7011f374098199e,Black,31.1,US,"January 11, 2023",B09JG59MGK,120mm,Ingenious Store,39.33,117.98,3
649bd3b1c7011f374098199f,Black,31.1,US,"January 12, 2023",B09JG59MGK,120mm,Ingenious Store,54.99,329.94,6
649bd3b1c7011f3740981992,Black,31.1,US,"December 30, 2022",B09JG59MGK,120mm,Ingenious Store,56.99,398.93,7
649bd3b1c7011f3740981993,Black,31.1,US,"December 31, 2022",B09JG59MGK,120mm,Ingenious Store,56.99,284.95,5
649bd3b1c7011f3740981994,Black,31.1,US,"January 1, 2023",B09JG59MGK,120mm,Ingenious Store,56.99,284.95,5
649bd3b1c7011f3740981995,Black,31.1,US,"January 2, 2023",B09JG59MGK,120mm,Ingenious Store,56.99,626.89,11
649bd3b1c7011f3740981996,Black,31.1,US,"January 3, 2023",B09JG59MGK,120mm,Ingenious Store,56.99,569.9,10
649bd3b1c7011f3740981997,Black,31.1,US,"January 4, 2023",B09JG59MGK,120mm,Ingenious Store,56.99,284.95,5
649bd3b1c7011f3740981998,Black,31.1,US,"January 5, 2023",B09JG59MGK,120mm,Ingenious Store,56.99,683.88,12
649bd3b1c7011f3740981999,Black,31.1,US,"January 6, 2023",B09JG59MGK,120mm,Ingenious Store,56.99,398.93,7
649bd3b3c7011f37409819b1,Black,41.1,US,"December 31, 2022",B09JG4TTP2,240mmm,Ingenious Store,75.99,303.96,4
649bd3b3c7011f37409819b2,Black,41.1,US,"January 1, 2023",B09JG4TTP2,240mmm,Ingenious Store,75.99,75.99,1
649bd3b3c7011f37409819b3,Black,41.1,US,"January 2, 2023",B09JG4TTP2,240mmm,Ingenious Store,75.99,227.97,3
649bd3b3c7011f37409819b6,Black,41.1,US,"January 5, 2023",B09JG4TTP2,240mmm,Ingenious Store,75.99,75.99,1
649bd3b3c7011f37409819b7,Black,41.1,US,"January 6, 2023",B09JG4TTP2,240mmm,Ingenious Store,75.99,227.97,3
649bd3b3c7011f37409819b8,Black,41.1,US,"January 7, 2023",B09JG4TTP2,240mmm,Ingenious Store,75.99,75.99,1
649bd3b3c7011f37409819b9,Black,41.1,US,"January 8, 2023",B09JG4TTP2,240mmm,Ingenious Store,75.99,75.99,1
649bd3b3c7011f37409819bc,Black,41.1,US,"January 11, 2023",B09JG4TTP2,240mmm,Ingenious Store,75.99,75.99,1
649bd3b3c7011f37409819bd,Black,41.1,US,"January 12, 2023",B09JG4TTP2,240mmm,Ingenious Store,75.99,75.99,1
649bd3b3c7011f37409819bf,Black,41.1,US,"January 14, 2023",B09JG4TTP2,240mmm,Ingenious Store,75.99,75.99,1
649bd3b3c7011f37409819c1,Black,41.1,US,"January 16, 2023",B09JG4TTP2,240mmm,Ingenious Store,75.99,75.99,1
649bd3b3c7011f37409819c2,Black,41.1,US,"January 17, 2023",B09JG4TTP2,240mmm,Ingenious Store,75.99,151.98,2
649bd3b3c7011f37409819c3,Black,41.1,US,"January 18, 2023",B09JG4TTP2,240mmm,Ingenious Store,75.99,379.95,5
649bd3b3c7011f37409819c6,Black,41.1,US,"January 21, 2023",B09JG4TTP2,240mmm,Ingenious Store,75.99,75.99,1
649bd3b3c7011f37409819cd,Black,41.1,US,"January 28, 2023",B09JG4TTP2,240mmm,Ingenious Store,75.99,151.98,2
649bd063c7011f374097f3ba,Black,51,US,"January 31, 2023",B09JG5X1PY,360mm,Ingenious Store,85.99,85.99,1
649bd063c7011f374097f3bb,Black,51,US,"February 1, 2023",B09JG5X1PY,360mm,Ingenious Store,85.99,171.98,2
649bd063c7011f374097f3bd,Black,51,US,"February 3, 2023",B09JG5X1PY,360mm,Ingenious Store,82.99,82.99,1
649bd063c7011f374097f3be,Black,51,US,"February 4, 2023",B09JG5X1PY,360mm,Ingenious Store,82.99,82.99,1
649bd063c7011f374097f3c0,Black,51,US,"February 6, 2023",B09JG5X1PY,360mm,Ingenious Store,82.99,82.99,1
649bd063c7011f374097f3c1,Black,51,US,"February 7, 2023",B09JG5X1PY,360mm,Ingenious Store,82.99,82.99,1
649bd063c7011f374097f3c3,Black,51,US,"February 9, 2023",B09JG5X1PY,360mm,Ingenious Store,82.99,82.99,1
649bd063c7011f374097f3c9,Black,51,US,"February 15, 2023",B09JG5X1PY,360mm,Ingenious Store,82.99,165.98,2
649bd063c7011f374097f3cb,Black,51,US,"February 17, 2023",B09JG5X1PY,360mm,Ingenious Store,82.99,82.99,1
649bd063c7011f374097f3cd,Black,51,US,"February 19, 2023",B09JG5X1PY,360mm,Ingenious Store,82.99,248.97,3
649bd063c7011f374097f3cf,Black,51,US,"February 21, 2023",B09JG5X1PY,360mm,Ingenious Store,89.99,89.99,1
649bd063c7011f374097f3d0,Black,51,US,"February 22, 2023",B09JG5X1PY,360mm,Ingenious Store,89.99,269.97,3
649bd063c7011f374097f3d1,Black,51,US,"February 23, 2023",B09JG5X1PY,360mm,Ingenious Store,89.99,89.99,1
649bd063c7011f374097f3d3,Black,51,US,"February 25, 2023",B09JG5X1PY,360mm,Ingenious Store,89.99,89.99,1
649bd063c7011f374097f3d5,Black,51,US,"February 27, 2023",B09JG5X1PY,360mm,Ingenious Store,89.99,89.99,1
649bd070c7011f374097f44e,Black,31.1,US,"January 29, 2023",B09JG59MGK,120mm,Ingenious Store,55.99,111.98,2
649bd070c7011f374097f44f,Black,31.1,US,"January 30, 2023",B09JG59MGK,120mm,Ingenious Store,55.99,55.99,1
649bd070c7011f374097f45a,Black,31.1,US,"February 10, 2023",B09JG59MGK,120mm,Ingenious Store,52.99,423.92,8
649bd070c7011f374097f45b,Black,31.1,US,"February 11, 2023",B09JG59MGK,120mm,Ingenious Store,52.99,476.91,9
649bd070c7011f374097f45c,Black,31.1,US,"February 12, 2023",B09JG59MGK,120mm,Ingenious Store,44.16,264.95,6
649bd070c7011f374097f45d,Black,31.1,US,"February 13, 2023",B09JG59MGK,120mm,Ingenious Store,50.14,401.12,8
649bd070c7011f374097f45e,Black,31.1,US,"February 14, 2023",B09JG59MGK,120mm,Ingenious Store,50.14,350.98,7
649bd070c7011f374097f45f,Black,31.1,US,"February 15, 2023",B09JG59MGK,120mm,Ingenious Store,50.14,350.98,7
649bd070c7011f374097f46a,Black,31.1,US,"February 26, 2023",B09JG59MGK,120mm,Ingenious Store,54.99,439.92,8
649bd070c7011f374097f46b,Black,31.1,US,"February 27, 2023",B09JG59MGK,120mm,Ingenious Store,54.99,439.92,8
649bd070c7011f374097f450,Black,31.1,US,"January 31, 2023",B09JG59MGK,120mm,Ingenious Store,55.21,496.91,9
649bd070c7011f374097f451,Black,31.1,US,"February 1, 2023",B09JG59MGK,120mm,Ingenious Store,54.99,164.97,3
649bd070c7011f374097f452,Black,31.1,US,"February 2, 2023",B09JG59MGK,120mm,Ingenious Store,54.32,162.97,3
649bd070c7011f374097f453,Black,31.1,US,"February 3, 2023",B09JG59MGK,120mm,Ingenious Store,52.99,158.97,3
649bd070c7011f374097f454,Black,31.1,US,"February 4, 2023",B09JG59MGK,120mm,Ingenious Store,52.99,211.96,4
649bd070c7011f374097f455,Black,31.1,US,"February 5, 2023",B09JG59MGK,120mm,Ingenious Store,52.99,105.98,2
649bd070c7011f374097f456,Black,31.1,US,"February 6, 2023",B09JG59MGK,120mm,Ingenious Store,52.99,847.84,16
649bd070c7011f374097f457,Black,31.1,US,"February 7, 2023",B09JG59MGK,120mm,Ingenious Store,52.99,317.94,6
649bd070c7011f374097f458,Black,31.1,US,"February 8, 2023",B09JG59MGK,120mm,Ingenious Store,52.99,529.9,10
649bd070c7011f374097f459,Black,31.1,US,"February 9, 2023",B09JG59MGK,120mm,Ingenious Store,52.99,847.84,16
649bd070c7011f374097f460,Black,31.1,US,"February 16, 2023",B09JG59MGK,120mm,Ingenious Store,50.14,350.98,7
649bd070c7011f374097f461,Black,31.1,US,"February 17, 2023",B09JG59MGK,120mm,Ingenious Store,50.14,401.12,8
649bd070c7011f374097f462,Black,31.1,US,"February 18, 2023",B09JG59MGK,120mm,Ingenious Store,50.14,651.82,13
649bd070c7011f374097f463,Black,31.1,US,"February 19, 2023",B09JG59MGK,120mm,Ingenious Store,50.14,451.26,9
649bd070c7011f374097f464,Black,31.1,US,"February 20, 2023",B09JG59MGK,120mm,Ingenious Store,54.3,380.08,7
649bd070c7011f374097f465,Black,31.1,US,"February 21, 2023",B09JG59MGK,120mm,Ingenious Store,54.99,329.94,6
649bd070c7011f374097f466,Black,31.1,US,"February 22, 2023",B09JG59MGK,120mm,Ingenious Store,54.99,384.93,7
649bd070c7011f374097f467,Black,31.1,US,"February 23, 2023",B09JG59MGK,120mm,Ingenious Store,54.99,604.89,11
649bd070c7011f374097f468,Black,31.1,US,"February 24, 2023",B09JG59MGK,120mm,Ingenious Store,54.99,604.89,11
649bd070c7011f374097f469,Black,31.1,US,"February 25, 2023",B09JG59MGK,120mm,Ingenious Store,54.99,274.95,5
649bd073c7011f374097f47d,Black,41.1,US,"February 15, 2023",B09JG4TTP2,240mmm,Ingenious Store,75.99,75.99,1
649bd073c7011f374097f47e,Black,41.1,US,"February 16, 2023",B09JG4TTP2,240mmm,Ingenious Store,75.99,227.97,3
649bd073c7011f374097f47f,Black,41.1,US,"February 17, 2023",B09JG4TTP2,240mmm,Ingenious Store,75.99,75.99,1
649bd073c7011f374097f470,Black,41.1,US,"February 2, 2023",B09JG4TTP2,240mmm,Ingenious Store,75.99,75.99,1
649bd073c7011f374097f474,Black,41.1,US,"February 6, 2023",B09JG4TTP2,240mmm,Ingenious Store,75.99,75.99,1
649bd073c7011f374097f475,Black,41.1,US,"February 7, 2023",B09JG4TTP2,240mmm,Ingenious Store,75.99,75.99,1
649bd073c7011f374097f478,Black,41.1,US,"February 10, 2023",B09JG4TTP2,240mmm,Ingenious Store,75.99,303.96,4
649bd073c7011f374097f479,Black,41.1,US,"February 11, 2023",B09JG4TTP2,240mmm,Ingenious Store,75.99,75.99,1
649bd073c7011f374097f480,Black,41.1,US,"February 18, 2023",B09JG4TTP2,240mmm,Ingenious Store,75.99,75.99,1
649bd073c7011f374097f481,Black,41.1,US,"February 19, 2023",B09JG4TTP2,240mmm,Ingenious Store,75.99,151.98,2
649bd073c7011f374097f484,Black,41.1,US,"February 22, 2023",B09JG4TTP2,240mmm,Ingenious Store,75.99,75.99,1
649bd073c7011f374097f485,Black,41.1,US,"February 23, 2023",B09JG4TTP2,240mmm,Ingenious Store,75.99,75.99,1
649bd073c7011f374097f486,Black,41.1,US,"February 24, 2023",B09JG4TTP2,240mmm,Ingenious Store,77.99,155.98,2
649bd073c7011f374097f487,Black,41.1,US,"February 25, 2023",B09JG4TTP2,240mmm,Ingenious Store,79.99,159.98,2
649bd12553a4ec2274bd8bd0,Black,31.1,AU,"May 9, 2023",B09JG59MGK,120mm,Dracaena Store,63.3083,63.3083,1
649bd47953a4ec2274bdd9f7,Black,31.1,CA,"May 6, 2023",B09JG59MGK,120mm,Dracaena Store,58.5124,58.5124,1
649bd47953a4ec2274bdda0c,Black,31.1,CA,"May 27, 2023",B09JG59MGK,120mm,Dracaena Store,58.52,58.52,1
6410ed3d1bb907e3938fa792,Black,41.1,US,"October 15, 2022",B09JG4TTP2,240mmm,Dracaena Store,69,69,1
6410eda71bb907e3938fad32,Black,31.1,US,"October 15, 2022",B09JG59MGK,120mm,Dracaena Store,52,260,5
6411b2f61bb907e3939c0f9c,Black,31.1,GB,"October 21, 2022",B09JG59MGK,120mm,Dracaena Store,66.04,66.04,1
6411b2f61bb907e3939c0f98,Black,31.1,GB,"October 17, 2022",B09JG59MGK,120mm,Dracaena Store,66.04,66.04,1
6411b8f21bb907e3939c5b17,Black,31.1,DE,"October 24, 2022",B09JG59MGK,120mm,Dracaena Store,61.0509,61.0509,1
6411b8f21bb907e3939c5b18,Black,31.1,DE,"October 25, 2022",B09JG59MGK,120mm,Dracaena Store,61.0509,61.0509,1
6411b9d61bb907e3939c65fe,Black,41.1,DE,"October 25, 2022",B09JG4TTP2,240mmm,Dracaena Store,65.4,65.4,1
6412a8ce1bb907e393aa8b48,Black,41.1,US,"October 16, 2022",B09JG4TTP2,240mmm,Dracaena Store,69,69,1
6412a9421bb907e393aa90ca,Black,31.1,US,"October 16, 2022",B09JG59MGK,120mm,Dracaena Store,52,260,5
6414c0de1bb907e393bf03ca,Black,41.1,CA,"October 18, 2022",B09JG4TTP2,240mmm,Dracaena Store,60.04,180.12,3
6414d52c1bb907e393bfdd4a,Black,31.1,US,"October 18, 2022",B09JG59MGK,120mm,Dracaena Store,52,572,11
6421c1f48c830bbda399dc81,Black,31.1,US,"October 28, 2022",B09JG59MGK,120mm,Dracaena Store,52,364,7
6421cb998c830bbda39ae04f,Black,51,JP,"October 28, 2022",B09JG5X1PY,360mm,Dracaena Store,87.962,175.924,2
6424fdf98c830bbda3d9f4fb,Black,41.1,US,"October 30, 2022",B09JG4TTP2,240mmm,Dracaena Store,69,69,1
6424fdfe8c830bbda3d9f573,Black,51,US,"October 30, 2022",B09JG5X1PY,360mm,Dracaena Store,86,86,1
6424fe668c830bbda3da0095,Black,31.1,US,"October 30, 2022",B09JG59MGK,120mm,Dracaena Store,52,208,4
6425fee68c830bbda3ec4967,Black,31.1,US,"October 31, 2022",B09JG59MGK,120mm,Dracaena Store,52,208,4
6432c9c92573fba749dae07e,Black,31.1,US,"November 10, 2022",B09JG59MGK,120mm,Dracaena Store,54.99,384.93,7
6432c9272573fba749dad232,Black,41.1,US,"November 10, 2022",B09JG4TTP2,240mmm,Dracaena Store,69,69,1
6434de63334b3086adf5139c,Black,41.1,US,"November 11, 2022",B09JG4TTP2,240mmm,Dracaena Store,69,69,1
6434deea334b3086adf51f18,Black,31.1,US,"November 11, 2022",B09JG59MGK,120mm,Dracaena Store,54.99,439.92,8
6435da0a334b3086ad02719a,Black,41.1,US,"November 12, 2022",B09JG4TTP2,240mmm,Dracaena Store,69,69,1
6435da0a334b3086ad02719d,Black,41.1,US,"November 15, 2022",B09JG4TTP2,240mmm,Dracaena Store,69,69,1
6435da9a334b3086ad027a4a,Black,31.1,US,"November 16, 2022",B09JG59MGK,120mm,Dracaena Store,54.24,216.97,4
6435da9a334b3086ad027a4b,Black,31.1,US,"November 17, 2022",B09JG59MGK,120mm,Dracaena Store,54.99,384.93,7
6435da9a334b3086ad027a4c,Black,31.1,US,"November 18, 2022",B09JG59MGK,120mm,Dracaena Store,54.25,434,8
6435da9a334b3086ad027a46,Black,31.1,US,"November 12, 2022",B09JG59MGK,120mm,Dracaena Store,54.99,219.96,4
6435da9a334b3086ad027a47,Black,31.1,US,"November 13, 2022",B09JG59MGK,120mm,Dracaena Store,54.99,219.96,4
6435da9a334b3086ad027a48,Black,31.1,US,"November 14, 2022",B09JG59MGK,120mm,Dracaena Store,54.66,491.92,9
6435da9a334b3086ad027a49,Black,31.1,US,"November 15, 2022",B09JG59MGK,120mm,Dracaena Store,54.99,109.98,2
6436a7de334b3086ad0b3a73,Black,31.1,MX,"November 18, 2022",B09JG59MGK,120mm,Dracaena Store,51.04,51.04,1
6436b832334b3086ad0b9075,Black,31.1,CA,"November 16, 2022",B09JG59MGK,120mm,Dracaena Store,52.44,52.44,1
6440a240c0c3edd418f77d7e,Black,31.1,IT,"April 15, 2023",B09JG59MGK,120mm,Dracaena Store,62.1191,62.1191,1
6440a260c0c3edd418f78034,Black,41.1,IT,"April 19, 2023",B09JG4TTP2,240mmm,Dracaena Store,75.1991,75.1991,1
6440aac7c0c3edd418f834eb,Black,31.1,BE,"March 23, 2023",B09JG59MGK,120mm,Dracaena Store,55.149,55.149,1
6440ce79c0c3edd418fadcb7,Black,31.1,GB,"February 19, 2023",B09JG59MGK,120mm,Dracaena Store,65.3923,65.3923,1
6440ce79c0c3edd418fadcb9,Black,31.1,GB,"February 21, 2023",B09JG59MGK,120mm,Dracaena Store,65.3923,65.3923,1
6440ce79c0c3edd418fadcbd,Black,31.1,GB,"February 25, 2023",B09JG59MGK,120mm,Dracaena Store,67.0306,134.0612,2
6440ce79c0c3edd418fadcbe,Black,31.1,GB,"February 26, 2023",B09JG59MGK,120mm,Dracaena Store,67.0306,67.0306,1
6440ce79c0c3edd418fadcc2,Black,31.1,GB,"March 2, 2023",B09JG59MGK,120mm,Dracaena Store,58.8518,117.7036,2
6440ce79c0c3edd418fadcc3,Black,31.1,GB,"March 3, 2023",B09JG59MGK,120mm,Dracaena Store,52.3113,52.3113,1
6440ce79c0c3edd418fadcc7,Black,31.1,GB,"March 7, 2023",B09JG59MGK,120mm,Dracaena Store,67.0306,67.0306,1
6440ce79c0c3edd418fadcc8,Black,31.1,GB,"March 8, 2023",B09JG59MGK,120mm,Dracaena Store,65.3923,65.3923,1
6440ce79c0c3edd418fadccd,Black,31.1,GB,"March 13, 2023",B09JG59MGK,120mm,Dracaena Store,65.3923,65.3923,1
6440d672c0c3edd418fb77f7,Black,31.1,DE,"March 15, 2023",B09JG59MGK,120mm,Dracaena Store,61.5414,61.5414,1
6441d24ec0c3edd4180cf44e,Black,31.1,MX,"April 18, 2023",B09JG59MGK,120mm,Dracaena Store,57.942,57.942,1
6441e5a7c0c3edd4180e410a,Black,31.1,GB,"December 28, 2022",B09JG59MGK,120mm,Dracaena Store,64.7573,129.5146,2
6441e5a7c0c3edd4180e410b,Black,31.1,GB,"December 29, 2022",B09JG59MGK,120mm,Dracaena Store,64.7573,64.7573,1
6441e5a7c0c3edd4180e410c,Black,31.1,GB,"December 30, 2022",B09JG59MGK,120mm,Dracaena Store,65.3923,65.3923,1
6441e5a7c0c3edd4180e411b,Black,31.1,GB,"January 14, 2023",B09JG59MGK,120mm,Dracaena Store,65.3923,130.7846,2
6441e5a7c0c3edd4180e411f,Black,31.1,GB,"January 18, 2023",B09JG59MGK,120mm,Dracaena Store,65.3923,65.3923,1
6441e5a7c0c3edd4180e4105,Black,31.1,GB,"December 23, 2022",B09JG59MGK,120mm,Dracaena Store,63.8937,63.8937,1
6441e5a7c0c3edd4180e4109,Black,31.1,GB,"December 27, 2022",B09JG59MGK,120mm,Dracaena Store,65.3923,65.3923,1
6441e5a7c0c3edd4180e4115,Black,31.1,GB,"January 8, 2023",B09JG59MGK,120mm,Dracaena Store,65.3923,65.3923,1
6441e5a7c0c3edd4180e4116,Black,31.1,GB,"January 9, 2023",B09JG59MGK,120mm,Dracaena Store,65.3923,65.3923,1
6441e5a7c0c3edd4180e4117,Black,31.1,GB,"January 10, 2023",B09JG59MGK,120mm,Dracaena Store,65.3923,65.3923,1
6441e5c6c0c3edd4180e428b,Black,41.1,GB,"December 23, 2022",B09JG4TTP2,240mmm,Dracaena Store,79.9973,79.9973,1
6441e5c6c0c3edd4180e4289,Black,41.1,GB,"December 21, 2022",B09JG4TTP2,240mmm,Dracaena Store,79.9973,79.9973,1
6441e5c6c0c3edd4180e4290,Black,41.1,GB,"December 28, 2022",B09JG4TTP2,240mmm,Dracaena Store,79.9973,79.9973,1
6441e5c6c0c3edd4180e4291,Black,41.1,GB,"December 29, 2022",B09JG4TTP2,240mmm,Dracaena Store,79.9973,159.9946,2
6441e5c6c0c3edd4180e4293,Black,41.1,GB,"December 31, 2022",B09JG4TTP2,240mmm,Dracaena Store,79.9973,79.9973,1
6441e5d8c0c3edd4180e437b,Black,51,GB,"December 23, 2022",B09JG5X1PY,360mm,Dracaena Store,97.6122,97.6122,1
6441e5d8c0c3edd4180e437f,Black,51,GB,"December 27, 2022",B09JG5X1PY,360mm,Dracaena Store,94.4372,94.4372,1
6441edb6c0c3edd4180ecfe2,Black,31.1,DE,"December 26, 2022",B09JG59MGK,120mm,Dracaena Store,61.0291,61.0291,1
6441eef0c0c3edd4180eeb2c,Black,41.1,DE,"December 22, 2022",B09JG4TTP2,240mmm,Dracaena Store,74.1091,74.1091,1
6441eef0c0c3edd4180eeb2d,Black,41.1,DE,"December 23, 2022",B09JG4TTP2,240mmm,Dracaena Store,74.1091,74.1091,1
6441eef0c0c3edd4180eeb37,Black,41.1,DE,"January 2, 2023",B09JG4TTP2,240mmm,Dracaena Store,74.1091,74.1091,1
6441f6a5c0c3edd4180f86ef,Black,31.1,US,"March 28, 2023",B09JG59MGK,120mm,Dracaena Store,52,52,1
6441f6a5c0c3edd4180f86fd,Black,31.1,US,"April 11, 2023",B09JG59MGK,120mm,Dracaena Store,52,52,1
64171e941bb907e393d65445,Black,31.1,CA,"October 21, 2022",B09JG59MGK,120mm,Dracaena Store,52.44,52.44,1
64171e941bb907e393d65446,Black,31.1,CA,"October 22, 2022",B09JG59MGK,120mm,Dracaena Store,52.44,52.44,1
64171e941bb907e393d65447,Black,31.1,CA,"October 23, 2022",B09JG59MGK,120mm,Dracaena Store,52.44,52.44,1
64171e941bb907e393d65449,Black,31.1,CA,"October 25, 2022",B09JG59MGK,120mm,Dracaena Store,52.44,52.44,1
64172e1d1bb907e393d7130c,Black,51,US,"October 20, 2022",B09JG5X1PY,360mm,Dracaena Store,86,86,1
64172e181bb907e393d712f1,Black,41.1,US,"October 23, 2022",B09JG4TTP2,240mmm,Dracaena Store,69,69,1
64172e181bb907e393d712f3,Black,41.1,US,"October 25, 2022",B09JG4TTP2,240mmm,Dracaena Store,69,207,3
64172e821bb907e393d715be,Black,31.1,US,"October 20, 2022",B09JG59MGK,120mm,Dracaena Store,52,364,7
64172e821bb907e393d715bf,Black,31.1,US,"October 21, 2022",B09JG59MGK,120mm,Dracaena Store,52,156,3
64172e821bb907e393d715c0,Black,31.1,US,"October 22, 2022",B09JG59MGK,120mm,Dracaena Store,52,312,6
64172e821bb907e393d715c1,Black,31.1,US,"October 23, 2022",B09JG59MGK,120mm,Dracaena Store,52,208,4
64172e821bb907e393d715c2,Black,31.1,US,"October 24, 2022",B09JG59MGK,120mm,Dracaena Store,52,416,8
64172e821bb907e393d715c3,Black,31.1,US,"October 25, 2022",B09JG59MGK,120mm,Dracaena Store,52,156,3
64172e821bb907e393d715c4,Black,31.1,US,"October 26, 2022",B09JG59MGK,120mm,Dracaena Store,52,260,5
64172e821bb907e393d715c5,Black,31.1,US,"October 27, 2022",B09JG59MGK,120mm,Dracaena Store,52,416,8
64227a068c830bbda3ab53d2,Black,41.1,GB,"November 4, 2022",B09JG4TTP2,240mmm,Dracaena Store,76.2,76.2,1
64320a662573fba749c92bcc,Black,41.1,US,"November 9, 2022",B09JG4TTP2,240mmm,Dracaena Store,69,276,4
64320ad32573fba749c9370c,Black,31.1,US,"November 9, 2022",B09JG59MGK,120mm,Dracaena Store,54.99,329.94,6
64325c842573fba749d0b47b,Black,31.1,DE,"November 12, 2022",B09JG59MGK,120mm,Dracaena Store,61.5632,61.5632,1
64325c842573fba749d0b479,Black,31.1,DE,"November 10, 2022",B09JG59MGK,120mm,Dracaena Store,61.0509,61.0509,1
64325c842573fba749d0b481,Black,31.1,DE,"November 18, 2022",B09JG59MGK,120mm,Dracaena Store,61.0509,61.0509,1
64325d062573fba749d0c051,Black,51,DE,"November 12, 2022",B09JG5X1PY,360mm,Dracaena Store,94.83,94.83,1
64325d602573fba749d0c95d,Black,41.1,DE,"November 18, 2022",B09JG4TTP2,240mmm,Dracaena Store,65.4,65.4,1
64403a81c0c3edd418f07c6e,Black,31.1,IT,"November 20, 2022",B09JG59MGK,120mm,Dracaena Store,62.13,62.13,1
64403feec0c3edd418f0f233,Black,31.1,JP,"November 20, 2022",B09JG59MGK,120mm,Dracaena Store,46.186,46.186,1
64404c69c0c3edd418f1b2bd,Black,41.1,US,"November 20, 2022",B09JG4TTP2,240mmm,Dracaena Store,69,69,1
64404cfac0c3edd418f1b58d,Black,31.1,US,"November 20, 2022",B09JG59MGK,120mm,Dracaena Store,55,330,6
64407f3ec0c3edd418f50a5e,Black,31.1,DE,"April 1, 2023",B09JG59MGK,120mm,Dracaena Store,54.4891,54.4891,1
64407f3ec0c3edd418f50a6b,Black,31.1,DE,"April 14, 2023",B09JG59MGK,120mm,Dracaena Store,54.4891,54.4891,1
64407f3ec0c3edd418f50a6d,Black,31.1,DE,"April 16, 2023",B09JG59MGK,120mm,Dracaena Store,54.4891,54.4891,1
64407f3ec0c3edd418f50a6e,Black,31.1,DE,"April 17, 2023",B09JG59MGK,120mm,Dracaena Store,55.8625,55.8625,1
64407f3ec0c3edd418f50a69,Black,31.1,DE,"April 12, 2023",B09JG59MGK,120mm,Dracaena Store,54.4891,108.9782,2
64407f3ec0c3edd418f50a70,Black,31.1,DE,"April 19, 2023",B09JG59MGK,120mm,Dracaena Store,54.4891,54.4891,1
64415f94c0c3edd41804e719,Black,31.1,MX,"December 19, 2022",B09JG59MGK,120mm,Dracaena Store,75.342,75.342,1
64416c5cc0c3edd41805e1c7,Black,31.1,CA,"November 23, 2022",B09JG59MGK,120mm,Dracaena Store,52.44,52.44,1
64416c5cc0c3edd41805e1c9,Black,31.1,CA,"November 25, 2022",B09JG59MGK,120mm,Dracaena Store,42.5524,42.5524,1
64416c5cc0c3edd41805e1cb,Black,31.1,CA,"November 27, 2022",B09JG59MGK,120mm,Dracaena Store,42.5524,170.2096,4
64416c5cc0c3edd41805e1cc,Black,31.1,CA,"November 28, 2022",B09JG59MGK,120mm,Dracaena Store,52.44,157.32,3
64416c5cc0c3edd41805e1d2,Black,31.1,CA,"December 4, 2022",B09JG59MGK,120mm,Dracaena Store,52.44,52.44,1
64416c5cc0c3edd41805e1d6,Black,31.1,CA,"December 8, 2022",B09JG59MGK,120mm,Dracaena Store,52.44,52.44,1
64416c5cc0c3edd41805e1d7,Black,31.1,CA,"December 9, 2022",B09JG59MGK,120mm,Dracaena Store,52.44,104.88,2
64416c5cc0c3edd41805e1d9,Black,31.1,CA,"December 11, 2022",B09JG59MGK,120mm,Dracaena Store,52.44,104.88,2
64416c5cc0c3edd41805e1da,Black,31.1,CA,"December 12, 2022",B09JG59MGK,120mm,Dracaena Store,52.44,157.32,3
64416c5cc0c3edd41805e1db,Black,31.1,CA,"December 13, 2022",B09JG59MGK,120mm,Dracaena Store,58.5124,58.5124,1
64416c5cc0c3edd41805e1dd,Black,31.1,CA,"December 15, 2022",B09JG59MGK,120mm,Dracaena Store,58.5124,58.5124,1
64416c5cc0c3edd41805e1de,Black,31.1,CA,"December 16, 2022",B09JG59MGK,120mm,Dracaena Store,58.5124,58.5124,1
64416c5cc0c3edd41805e1e0,Black,31.1,CA,"December 18, 2022",B09JG59MGK,120mm,Dracaena Store,58.5124,58.5124,1
64416c5cc0c3edd41805e1e1,Black,31.1,CA,"December 19, 2022",B09JG59MGK,120mm,Dracaena Store,58.5124,58.5124,1
64418aaec0c3edd41807ea8d,Black,31.1,GB,"January 20, 2023",B09JG59MGK,120mm,Dracaena Store,65.3923,65.3923,1
64418aaec0c3edd41807ea8e,Black,31.1,GB,"January 21, 2023",B09JG59MGK,120mm,Dracaena Store,59.944,119.888,2
64418aaec0c3edd41807ea9d,Black,31.1,GB,"February 5, 2023",B09JG59MGK,120mm,Dracaena Store,65.3923,65.3923,1
64418aaec0c3edd41807ea9e,Black,31.1,GB,"February 6, 2023",B09JG59MGK,120mm,Dracaena Store,65.3923,65.3923,1
64418aaec0c3edd41807ea9f,Black,31.1,GB,"February 7, 2023",B09JG59MGK,120mm,Dracaena Store,65.3923,65.3923,1
64418aaec0c3edd41807ea91,Black,31.1,GB,"January 24, 2023",B09JG59MGK,120mm,Dracaena Store,65.3923,65.3923,1
64418aaec0c3edd41807ea92,Black,31.1,GB,"January 25, 2023",B09JG59MGK,120mm,Dracaena Store,65.3923,65.3923,1
64418aaec0c3edd41807ea94,Black,31.1,GB,"January 27, 2023",B09JG59MGK,120mm,Dracaena Store,65.3923,130.7846,2
64418aaec0c3edd41807ea95,Black,31.1,GB,"January 28, 2023",B09JG59MGK,120mm,Dracaena Store,65.3923,65.3923,1
64418aaec0c3edd41807ea97,Black,31.1,GB,"January 30, 2023",B09JG59MGK,120mm,Dracaena Store,65.3923,65.3923,1
64418aaec0c3edd41807ea98,Black,31.1,GB,"January 31, 2023",B09JG59MGK,120mm,Dracaena Store,65.3923,65.3923,1
64418aaec0c3edd41807eaa3,Black,31.1,GB,"February 11, 2023",B09JG59MGK,120mm,Dracaena Store,65.3923,65.3923,1
64418aaec0c3edd41807eaaa,Black,31.1,GB,"February 18, 2023",B09JG59MGK,120mm,Dracaena Store,65.3923,65.3923,1
64418accc0c3edd41807ec6b,Black,41.1,GB,"February 17, 2023",B09JG4TTP2,240mmm,Dracaena Store,79.9973,79.9973,1
64424b22c0c3edd41815b48b,Black,31.1,DE,"December 9, 2022",B09JG59MGK,120mm,Dracaena Store,61.0509,61.0509,1
64424b22c0c3edd41815b48e,Black,31.1,DE,"December 12, 2022",B09JG59MGK,120mm,Dracaena Store,61.0509,61.0509,1
64424b22c0c3edd41815b491,Black,31.1,DE,"December 15, 2022",B09JG59MGK,120mm,Dracaena Store,61.0509,61.0509,1
64424b22c0c3edd41815b492,Black,31.1,DE,"December 16, 2022",B09JG59MGK,120mm,Dracaena Store,61.0509,61.0509,1
64424bb5c0c3edd41815c03d,Black,31.1,JP,"December 4, 2022",B09JG59MGK,120mm,Dracaena Store,67.186,67.186,1
64424bb5c0c3edd41815c04b,Black,31.1,JP,"December 18, 2022",B09JG59MGK,120mm,Dracaena Store,55.993,55.993,1
64424bb5c0c3edd41815c031,Black,31.1,JP,"November 22, 2022",B09JG59MGK,120mm,Dracaena Store,46.186,46.186,1
64424bb5c0c3edd41815c032,Black,31.1,JP,"November 23, 2022",B09JG59MGK,120mm,Dracaena Store,46.186,46.186,1
64424bb5c0c3edd41815c033,Black,31.1,JP,"November 24, 2022",B09JG59MGK,120mm,Dracaena Store,46.186,46.186,1
64424bb5c0c3edd41815c034,Black,31.1,JP,"November 25, 2022",B09JG59MGK,120mm,Dracaena Store,46.186,46.186,1
64424bb5c0c3edd41815c036,Black,31.1,JP,"November 27, 2022",B09JG59MGK,120mm,Dracaena Store,54.586,272.93,5
64424bb5c0c3edd41815c038,Black,31.1,JP,"November 29, 2022",B09JG59MGK,120mm,Dracaena Store,67.186,67.186,1
64424bb5c0c3edd41815c048,Black,31.1,JP,"December 15, 2022",B09JG59MGK,120mm,Dracaena Store,55.993,55.993,1
64424bb5c0c3edd41815c049,Black,31.1,JP,"December 16, 2022",B09JG59MGK,120mm,Dracaena Store,55.993,55.993,1
64424bcac0c3edd41815c1a4,Black,41.1,JP,"December 3, 2022",B09JG4TTP2,240mmm,Dracaena Store,84.581,84.581,1
64424be4c0c3edd41815c34f,Black,51,DE,"December 9, 2022",B09JG5X1PY,360mm,Dracaena Store,94.83,94.83,1
64424be4c0c3edd41815c357,Black,51,DE,"December 17, 2022",B09JG5X1PY,360mm,Dracaena Store,94.83,94.83,1
64424c68c0c3edd41815cc7b,Black,41.1,DE,"December 17, 2022",B09JG4TTP2,240mmm,Dracaena Store,74.1091,74.1091,1
64424c68c0c3edd41815cc62,Black,41.1,DE,"November 22, 2022",B09JG4TTP2,240mmm,Dracaena Store,65.4,65.4,1
64424c68c0c3edd41815cc72,Black,41.1,DE,"December 8, 2022",B09JG4TTP2,240mmm,Dracaena Store,65.4,65.4,1
64424c68c0c3edd41815cc73,Black,41.1,DE,"December 9, 2022",B09JG4TTP2,240mmm,Dracaena Store,65.4,65.4,1
64424c68c0c3edd41815cc75,Black,41.1,DE,"December 11, 2022",B09JG4TTP2,240mmm,Dracaena Store,65.4,65.4,1
64424c68c0c3edd41815cc77,Black,41.1,DE,"December 13, 2022",B09JG4TTP2,240mmm,Dracaena Store,65.4,65.4,1
64425b5ac0c3edd4181688e3,Black,51,US,"February 8, 2023",B09JG5X1PY,360mm,Dracaena Store,86.99,86.99,1
64425beec0c3edd4181690ae,Black,31.1,US,"January 24, 2023",B09JG59MGK,120mm,Dracaena Store,58.99,58.99,1
64425beec0c3edd4181690af,Black,31.1,US,"January 25, 2023",B09JG59MGK,120mm,Dracaena Store,52,52,1
64427bf6dc352d950f443a83,Black,31.1,US,"December 22, 2022",B09JG59MGK,120mm,Ingenious Store,56.99,569.9,10
64427bf6dc352d950f443a84,Black,31.1,US,"December 23, 2022",B09JG59MGK,120mm,Ingenious Store,56.99,512.91,9
64427bf6dc352d950f443a85,Black,31.1,US,"December 24, 2022",B09JG59MGK,120mm,Ingenious Store,56.99,284.95,5
64427bf6dc352d950f443a86,Black,31.1,US,"December 25, 2022",B09JG59MGK,120mm,Ingenious Store,56.99,512.91,9
64427bf6dc352d950f443a87,Black,31.1,US,"December 26, 2022",B09JG59MGK,120mm,Ingenious Store,56.99,797.86,14
64427bf6dc352d950f443a88,Black,31.1,US,"December 27, 2022",B09JG59MGK,120mm,Ingenious Store,56.99,740.87,13
64427bf9dc352d950f443aa2,Black,41.1,US,"December 23, 2022",B09JG4TTP2,240mmm,Ingenious Store,75.99,151.98,2
64427bf9dc352d950f443aa4,Black,41.1,US,"December 25, 2022",B09JG4TTP2,240mmm,Ingenious Store,75.99,151.98,2
64427bf9dc352d950f443aa5,Black,41.1,US,"December 26, 2022",B09JG4TTP2,240mmm,Ingenious Store,75.99,151.98,2
64427bf9dc352d950f443aa6,Black,41.1,US,"December 27, 2022",B09JG4TTP2,240mmm,Ingenious Store,75.99,227.97,3
64427c5ec0c3edd418191627,Black,31.1,JP,"January 25, 2023",B09JG59MGK,120mm,Dracaena Store,55.993,55.993,1
64427c5ec0c3edd418191628,Black,31.1,JP,"January 26, 2023",B09JG59MGK,120mm,Dracaena Store,55.993,55.993,1
64427c75c0c3edd4181917e5,Black,41.1,JP,"January 21, 2023",B09JG4TTP2,240mmm,Dracaena Store,84.693,169.386,2
64427c75c0c3edd4181917e6,Black,41.1,JP,"January 22, 2023",B09JG4TTP2,240mmm,Dracaena Store,84.693,84.693,1
641365ec1bb907e393b1f5b8,Black,31.1,US,"October 17, 2022",B09JG59MGK,120mm,Dracaena Store,47.27,520,11
641679f71bb907e393d0252e,Black,31.1,US,"October 19, 2022",B09JG59MGK,120mm,Dracaena Store,52,312,6
642279ef8c830bbda3ab520f,Black,31.1,GB,"November 3, 2022",B09JG59MGK,120mm,Dracaena Store,58.42,116.84,2
642279ef8c830bbda3ab5211,Black,31.1,GB,"November 5, 2022",B09JG59MGK,120mm,Dracaena Store,58.42,58.42,1
642283cb8c830bbda3abf367,Black,31.1,DE,"October 28, 2022",B09JG59MGK,120mm,Dracaena Store,61.0509,61.0509,1
642704d78c830bbda3fe3b27,Black,31.1,JP,"November 1, 2022",B09JG59MGK,120mm,Dracaena Store,53.186,53.186,1
642784ce8c830bbda3077223,Black,31.1,CA,"November 1, 2022",B09JG59MGK,120mm,Dracaena Store,52.44,52.44,1
644076ecc0c3edd418f4690d,Black,31.1,GB,"April 14, 2023",B09JG59MGK,120mm,Dracaena Store,65.3923,65.3923,1
644076ecc0c3edd418f46911,Black,31.1,GB,"April 18, 2023",B09JG59MGK,120mm,Dracaena Store,65.3923,65.3923,1
644090e4c0c3edd418f63d03,Black,31.1,SE,"March 23, 2023",B09JG59MGK,120mm,Dracaena Store,55.149,55.149,1
644183c4c0c3edd418077fb1,Black,41.1,US,"November 25, 2022",B09JG4TTP2,240mmm,Dracaena Store,62,62,1
644183c4c0c3edd418077fb3,Black,41.1,US,"November 27, 2022",B09JG4TTP2,240mmm,Dracaena Store,69.99,69.99,1
644183c4c0c3edd418077fb4,Black,41.1,US,"November 28, 2022",B09JG4TTP2,240mmm,Dracaena Store,75.99,151.98,2
644183cbc0c3edd41807802a,Black,51,US,"November 26, 2022",B09JG5X1PY,360mm,Dracaena Store,86.99,86.99,1
644183cbc0c3edd41807802c,Black,51,US,"November 28, 2022",B09JG5X1PY,360mm,Dracaena Store,86.99,86.99,1
644183cbc0c3edd41807802d,Black,51,US,"November 29, 2022",B09JG5X1PY,360mm,Dracaena Store,86.99,86.99,1
644183cbc0c3edd41807802e,Black,51,US,"November 30, 2022",B09JG5X1PY,360mm,Dracaena Store,86.99,86.99,1
644183cbc0c3edd418078027,Black,51,US,"November 23, 2022",B09JG5X1PY,360mm,Dracaena Store,86,86,1
644183cbc0c3edd418078029,Black,51,US,"November 25, 2022",B09JG5X1PY,360mm,Dracaena Store,86,86,1
644183cbc0c3edd418078030,Black,51,US,"December 2, 2022",B09JG5X1PY,360mm,Dracaena Store,86.99,260.97,3
644183cbc0c3edd418078031,Black,51,US,"December 3, 2022",B09JG5X1PY,360mm,Dracaena Store,86.99,173.98,2
644183cbc0c3edd418078033,Black,51,US,"December 5, 2022",B09JG5X1PY,360mm,Dracaena Store,86.99,86.99,1
644243d9c0c3edd41815201d,Black,31.1,CA,"January 21, 2023",B09JG59MGK,120mm,Dracaena Store,58.5124,58.5124,1
644243d9c0c3edd418152021,Black,31.1,CA,"January 25, 2023",B09JG59MGK,120mm,Dracaena Store,58.5124,117.0248,2
644243d9c0c3edd418152022,Black,31.1,CA,"January 26, 2023",B09JG59MGK,120mm,Dracaena Store,58.5124,58.5124,1
644243d9c0c3edd418152026,Black,31.1,CA,"January 30, 2023",B09JG59MGK,120mm,Dracaena Store,58.5124,58.5124,1
644268a1c0c3edd418177b0c,Black,31.1,MX,"December 23, 2022",B09JG59MGK,120mm,Dracaena Store,75.342,75.342,1
644268a1c0c3edd418177b20,Black,31.1,MX,"January 12, 2023",B09JG59MGK,120mm,Dracaena Store,75.342,75.342,1
644270adc0c3edd418182313,Black,41.1,IT,"December 17, 2022",B09JG4TTP2,240mmm,Dracaena Store,61.6504,61.6504,1
649967bf95fc0c94f0528bed,Black,31.1,US,"December 28, 2022",B09JG59MGK,120mm,Ingenious Store,56.99,341.94,6
649967c295fc0c94f0528c0b,Black,41.1,US,"December 28, 2022",B09JG4TTP2,240mmm,Ingenious Store,75.99,151.98,2
6416798d1bb907e393d01fac,Black,41.1,US,"October 19, 2022",B09JG4TTP2,240mmm,Dracaena Store,69,69,1
6440806fc0c3edd418f51ffd,Black,41.1,DE,"April 16, 2023",B09JG4TTP2,240mmm,Dracaena Store,74.1091,74.1091,1
6441515fc0c3edd418040064,Black,31.1,US,"December 28, 2022",B09JG59MGK,120mm,Dracaena Store,52,52,1
6441515fc0c3edd418040066,Black,31.1,US,"December 30, 2022",B09JG59MGK,120mm,Dracaena Store,54.99,54.99,1
6442112bc0c3edd41811a8cf,Black,31.1,CA,"March 2, 2023",B09JG59MGK,120mm,Dracaena Store,58.5124,58.5124,1
6442142cc0c3edd41811d9b0,Black,41.1,IT,"January 3, 2023",B09JG4TTP2,240mmm,Dracaena Store,75.1991,150.3982,2
6442284ac0c3edd41812efbb,Black,31.1,US,"February 22, 2023",B09JG59MGK,120mm,Dracaena Store,52,52,1
6442428bc0c3edd41815079c,Black,51,GB,"December 18, 2022",B09JG5X1PY,360mm,Dracaena Store,95.25,95.25,1
6442428bc0c3edd41815079e,Black,51,GB,"December 20, 2022",B09JG5X1PY,360mm,Dracaena Store,92.6592,92.6592,1
6442428bc0c3edd418150784,Black,51,GB,"November 24, 2022",B09JG5X1PY,360mm,Dracaena Store,87.63,87.63,1
6442428bc0c3edd418150794,Black,51,GB,"December 10, 2022",B09JG5X1PY,360mm,Dracaena Store,95.25,95.25,1
6442428bc0c3edd418150795,Black,51,GB,"December 11, 2022",B09JG5X1PY,360mm,Dracaena Store,95.25,95.25,1
6442544bdc352d950f43816b,Black,51,US,"December 8, 2022",B09JG5X1PY,360mm,Ingenious Store,85.99,171.98,2
6442544bdc352d950f43816f,Black,51,US,"December 12, 2022",B09JG5X1PY,360mm,Ingenious Store,85.99,343.96,4
6442544bdc352d950f438170,Black,51,US,"December 13, 2022",B09JG5X1PY,360mm,Ingenious Store,85.99,257.97,3
6442544bdc352d950f438171,Black,51,US,"December 14, 2022",B09JG5X1PY,360mm,Ingenious Store,85.99,257.97,3
6442544bdc352d950f438172,Black,51,US,"December 15, 2022",B09JG5X1PY,360mm,Ingenious Store,85.99,257.97,3
6442544bdc352d950f438173,Black,51,US,"December 16, 2022",B09JG5X1PY,360mm,Ingenious Store,85.99,429.95,5
6442545fdc352d950f4381fc,Black,31.1,US,"December 3, 2022",B09JG59MGK,120mm,Ingenious Store,52,104,2
6442545fdc352d950f4381fd,Black,31.1,US,"December 4, 2022",B09JG59MGK,120mm,Ingenious Store,52,156,3
6442545fdc352d950f4381ff,Black,31.1,US,"December 6, 2022",B09JG59MGK,120mm,Ingenious Store,53.79,537.9,10
6442545fdc352d950f43820a,Black,31.1,US,"December 17, 2022",B09JG59MGK,120mm,Ingenious Store,56.99,740.87,13
6442545fdc352d950f43820b,Black,31.1,US,"December 18, 2022",B09JG59MGK,120mm,Ingenious Store,56.99,626.89,11
6442545fdc352d950f43820c,Black,31.1,US,"December 19, 2022",B09JG59MGK,120mm,Ingenious Store,56.99,797.86,14
6442545fdc352d950f43820d,Black,31.1,US,"December 20, 2022",B09JG59MGK,120mm,Ingenious Store,56.99,626.89,11
6442545fdc352d950f43820e,Black,31.1,US,"December 21, 2022",B09JG59MGK,120mm,Ingenious Store,51.29,512.91,10
6442545fdc352d950f438200,Black,31.1,US,"December 7, 2022",B09JG59MGK,120mm,Ingenious Store,54.99,659.88,12
6442545fdc352d950f438201,Black,31.1,US,"December 8, 2022",B09JG59MGK,120mm,Ingenious Store,54.99,439.92,8
6442545fdc352d950f438202,Black,31.1,US,"December 9, 2022",B09JG59MGK,120mm,Ingenious Store,54.99,439.92,8
6442545fdc352d950f438203,Black,31.1,US,"December 10, 2022",B09JG59MGK,120mm,Ingenious Store,48.37,386.93,8
6442545fdc352d950f438204,Black,31.1,US,"December 11, 2022",B09JG59MGK,120mm,Ingenious Store,56.99,740.87,13
6442545fdc352d950f438205,Black,31.1,US,"December 12, 2022",B09JG59MGK,120mm,Ingenious Store,56.99,569.9,10
6442545fdc352d950f438206,Black,31.1,US,"December 13, 2022",B09JG59MGK,120mm,Ingenious Store,56.99,797.86,14
6442545fdc352d950f438207,Black,31.1,US,"December 14, 2022",B09JG59MGK,120mm,Ingenious Store,56.99,512.91,9
6442545fdc352d950f438208,Black,31.1,US,"December 15, 2022",B09JG59MGK,120mm,Ingenious Store,56.99,1367.76,24
6442545fdc352d950f438209,Black,31.1,US,"December 16, 2022",B09JG59MGK,120mm,Ingenious Store,56.99,455.92,8
6442708bc0c3edd418182061,Black,31.1,IT,"December 17, 2022",B09JG59MGK,120mm,Dracaena Store,62.13,124.26,2
64418465c0c3edd418078b4a,Black,31.1,US,"November 24, 2022",B09JG59MGK,120mm,Dracaena Store,55,165,3
64418465c0c3edd418078b4b,Black,31.1,US,"November 25, 2022",B09JG59MGK,120mm,Dracaena Store,55.99,279.95,5
64418465c0c3edd418078b4e,Black,31.1,US,"November 28, 2022",B09JG59MGK,120mm,Dracaena Store,60.99,60.99,1
64418465c0c3edd418078b4f,Black,31.1,US,"November 29, 2022",B09JG59MGK,120mm,Dracaena Store,60.99,60.99,1
64418465c0c3edd418078b5d,Black,31.1,US,"December 13, 2022",B09JG59MGK,120mm,Dracaena Store,54.99,54.99,1
64418465c0c3edd418078b47,Black,31.1,US,"November 21, 2022",B09JG59MGK,120mm,Dracaena Store,55,330,6
64418465c0c3edd418078b48,Black,31.1,US,"November 22, 2022",B09JG59MGK,120mm,Dracaena Store,55,165,3
64418465c0c3edd418078b49,Black,31.1,US,"November 23, 2022",B09JG59MGK,120mm,Dracaena Store,45.88,367,8
64418465c0c3edd418078b58,Black,31.1,US,"December 8, 2022",B09JG59MGK,120mm,Dracaena Store,54.99,54.99,1
64420403c0c3edd4181098eb,Black,31.1,MX,"February 26, 2023",B09JG59MGK,120mm,Dracaena Store,75.342,75.342,1
64420403c0c3edd4181098f0,Black,31.1,MX,"March 3, 2023",B09JG59MGK,120mm,Dracaena Store,75.342,75.342,1
64422620c0c3edd41812c4b5,Black,51,FR,"December 19, 2022",B09JG5X1PY,360mm,Dracaena Store,97.01,97.01,1
64422620c0c3edd41812c49c,Black,51,FR,"November 24, 2022",B09JG5X1PY,360mm,Dracaena Store,97.01,97.01,1
64423692c0c3edd41814111b,Black,31.1,MX,"February 2, 2023",B09JG59MGK,120mm,Dracaena Store,75.342,75.342,1
64424255c0c3edd4181502f1,Black,31.1,GB,"November 23, 2022",B09JG59MGK,120mm,Dracaena Store,55.8546,167.5638,3
64424255c0c3edd4181502f2,Black,31.1,GB,"November 24, 2022",B09JG59MGK,120mm,Dracaena Store,55.8546,55.8546,1
64424255c0c3edd4181502f3,Black,31.1,GB,"November 25, 2022",B09JG59MGK,120mm,Dracaena Store,55.8546,55.8546,1
64424255c0c3edd418150302,Black,31.1,GB,"December 10, 2022",B09JG59MGK,120mm,Dracaena Store,65.3923,65.3923,1
64424277c0c3edd4181505cf,Black,41.1,GB,"December 7, 2022",B09JG4TTP2,240mmm,Dracaena Store,78.105,78.105,1
64424293c0c3edd41815083b,Black,31.1,JP,"December 28, 2022",B09JG59MGK,120mm,Dracaena Store,55.993,55.993,1
64424293c0c3edd41815083c,Black,31.1,JP,"December 29, 2022",B09JG59MGK,120mm,Dracaena Store,55.993,111.986,2
64424293c0c3edd41815083d,Black,31.1,JP,"December 30, 2022",B09JG59MGK,120mm,Dracaena Store,55.993,55.993,1
64424293c0c3edd41815084b,Black,31.1,JP,"January 13, 2023",B09JG59MGK,120mm,Dracaena Store,55.993,111.986,2
64424293c0c3edd41815084c,Black,31.1,JP,"January 14, 2023",B09JG59MGK,120mm,Dracaena Store,55.993,55.993,1
64424293c0c3edd418150835,Black,31.1,JP,"December 22, 2022",B09JG59MGK,120mm,Dracaena Store,55.993,55.993,1
64424293c0c3edd418150836,Black,31.1,JP,"December 23, 2022",B09JG59MGK,120mm,Dracaena Store,55.993,55.993,1
64424293c0c3edd418150838,Black,31.1,JP,"December 25, 2022",B09JG59MGK,120mm,Dracaena Store,55.993,55.993,1
64424293c0c3edd418150841,Black,31.1,JP,"January 3, 2023",B09JG59MGK,120mm,Dracaena Store,55.993,55.993,1
64424293c0c3edd418150847,Black,31.1,JP,"January 9, 2023",B09JG59MGK,120mm,Dracaena Store,55.993,55.993,1
64424293c0c3edd418150848,Black,31.1,JP,"January 10, 2023",B09JG59MGK,120mm,Dracaena Store,55.993,55.993,1
64424293c0c3edd418150850,Black,31.1,JP,"January 18, 2023",B09JG59MGK,120mm,Dracaena Store,55.993,55.993,1
64425462dc352d950f43822a,Black,41.1,US,"December 19, 2022",B09JG4TTP2,240mmm,Ingenious Store,75.99,75.99,1
64425462dc352d950f43822b,Black,41.1,US,"December 20, 2022",B09JG4TTP2,240mmm,Ingenious Store,75.99,75.99,1
64425462dc352d950f438222,Black,41.1,US,"December 11, 2022",B09JG4TTP2,240mmm,Ingenious Store,68.99,68.99,1
64425462dc352d950f438224,Black,41.1,US,"December 13, 2022",B09JG4TTP2,240mmm,Ingenious Store,68.99,68.99,1
64425462dc352d950f438225,Black,41.1,US,"December 14, 2022",B09JG4TTP2,240mmm,Ingenious Store,68.99,206.97,3
64425462dc352d950f438226,Black,41.1,US,"December 15, 2022",B09JG4TTP2,240mmm,Ingenious Store,68.99,275.96,4
64427530c0c3edd41818805f,Black,31.1,CA,"December 22, 2022",B09JG59MGK,120mm,Dracaena Store,58.5124,117.0248,2
64427530c0c3edd41818806e,Black,31.1,CA,"January 6, 2023",B09JG59MGK,120mm,Dracaena Store,58.5124,58.5124,1
64427530c0c3edd418188062,Black,31.1,CA,"December 25, 2022",B09JG59MGK,120mm,Dracaena Store,58.5124,58.5124,1
64427530c0c3edd418188063,Black,31.1,CA,"December 26, 2022",B09JG59MGK,120mm,Dracaena Store,58.5124,58.5124,1
64427530c0c3edd418188064,Black,31.1,CA,"December 27, 2022",B09JG59MGK,120mm,Dracaena Store,58.5124,117.0248,2
64427530c0c3edd418188065,Black,31.1,CA,"December 28, 2022",B09JG59MGK,120mm,Dracaena Store,58.5124,58.5124,1
64427530c0c3edd418188067,Black,31.1,CA,"December 30, 2022",B09JG59MGK,120mm,Dracaena Store,58.5124,58.5124,1
64427530c0c3edd418188068,Black,31.1,CA,"December 31, 2022",B09JG59MGK,120mm,Dracaena Store,58.5124,58.5124,1
64427530c0c3edd418188070,Black,31.1,CA,"January 8, 2023",B09JG59MGK,120mm,Dracaena Store,58.5124,58.5124,1
64427530c0c3edd418188072,Black,31.1,CA,"January 10, 2023",B09JG59MGK,120mm,Dracaena Store,58.5124,58.5124,1
64427530c0c3edd418188077,Black,31.1,CA,"January 15, 2023",B09JG59MGK,120mm,Dracaena Store,58.5124,58.5124,1
642317978c830bbda3b72101,Black,31.1,JP,"October 29, 2022",B09JG59MGK,120mm,Dracaena Store,53.186,53.186,1
642369358c830bbda3bd168d,Black,31.1,US,"October 29, 2022",B09JG59MGK,120mm,Dracaena Store,52,104,2
642795168c830bbda308bf89,Black,31.1,US,"November 1, 2022",B09JG59MGK,120mm,Dracaena Store,52,260,5
642864218c830bbda317368b,Black,31.1,CA,"November 2, 2022",B09JG59MGK,120mm,Dracaena Store,52.44,52.44,1
642874738c830bbda3185a39,Black,31.1,US,"November 2, 2022",B09JG59MGK,120mm,Dracaena Store,52,364,7
64340364334b3086ade682b4,Black,31.1,JP,"November 11, 2022",B09JG59MGK,120mm,Dracaena Store,53.186,53.186,1
64340364334b3086ade682b9,Black,31.1,JP,"November 16, 2022",B09JG59MGK,120mm,Dracaena Store,53.186,159.558,3
643243392573fba749ce5536,Black,41.1,FR,"November 11, 2022",B09JG4TTP2,240mmm,Dracaena Store,75.21,75.21,1
643256742573fba749d0205e,Black,31.1,GB,"November 15, 2022",B09JG59MGK,120mm,Dracaena Store,58.42,58.42,1
643256742573fba749d02059,Black,31.1,GB,"November 10, 2022",B09JG59MGK,120mm,Dracaena Store,58.42,116.84,2
